%YAML 1.1
%TAG !u! tag:unity3d.com,2011:
--- !u!29 &1
OcclusionCullingSettings:
  m_ObjectHideFlags: 0
  serializedVersion: 2
  m_OcclusionBakeSettings:
    smallestOccluder: 5
    smallestHole: 0.25
    backfaceThreshold: 100
  m_SceneGUID: 00000000000000000000000000000000
  m_OcclusionCullingData: {fileID: 0}
--- !u!104 &2
RenderSettings:
  m_ObjectHideFlags: 0
  serializedVersion: 9
  m_Fog: 0
  m_FogColor: {r: 0.5, g: 0.5, b: 0.5, a: 1}
  m_FogMode: 3
  m_FogDensity: 0.01
  m_LinearFogStart: 0
  m_LinearFogEnd: 300
  m_AmbientSkyColor: {r: 0, g: 0, b: 0, a: 1}
  m_AmbientEquatorColor: {r: 0.114, g: 0.125, b: 0.133, a: 1}
  m_AmbientGroundColor: {r: 0.047, g: 0.043, b: 0.035, a: 1}
  m_AmbientIntensity: 1
  m_AmbientMode: 3
  m_SubtractiveShadowColor: {r: 1, g: 1, b: 1, a: 1}
  m_SkyboxMaterial: {fileID: 0}
  m_HaloStrength: 0.5
  m_FlareStrength: 1
  m_FlareFadeSpeed: 3
  m_HaloTexture: {fileID: 0}
  m_SpotCookie: {fileID: 10001, guid: 0000000000000000e000000000000000, type: 0}
  m_DefaultReflectionMode: 0
  m_DefaultReflectionResolution: 256
  m_ReflectionBounces: 1
  m_ReflectionIntensity: 1
  m_CustomReflection: {fileID: 0}
  m_Sun: {fileID: 0}
  m_IndirectSpecularColor: {r: 0, g: 0, b: 0, a: 1}
  m_UseRadianceAmbientProbe: 0
--- !u!157 &3
LightmapSettings:
  m_ObjectHideFlags: 0
  serializedVersion: 12
  m_GIWorkflowMode: 1
  m_GISettings:
    serializedVersion: 2
    m_BounceScale: 1
    m_IndirectOutputScale: 1
    m_AlbedoBoost: 1
    m_EnvironmentLightingMode: 0
    m_EnableBakedLightmaps: 1
    m_EnableRealtimeLightmaps: 0
  m_LightmapEditorSettings:
    serializedVersion: 12
    m_Resolution: 2
    m_BakeResolution: 40
    m_AtlasSize: 1024
    m_AO: 0
    m_AOMaxDistance: 1
    m_CompAOExponent: 1
    m_CompAOExponentDirect: 0
    m_ExtractAmbientOcclusion: 0
    m_Padding: 2
    m_LightmapParameters: {fileID: 0}
    m_LightmapsBakeMode: 1
    m_TextureCompression: 1
    m_FinalGather: 0
    m_FinalGatherFiltering: 1
    m_FinalGatherRayCount: 256
    m_ReflectionCompression: 2
    m_MixedBakeMode: 2
    m_BakeBackend: 1
    m_PVRSampling: 1
    m_PVRDirectSampleCount: 32
    m_PVRSampleCount: 512
    m_PVRBounces: 2
    m_PVREnvironmentSampleCount: 256
    m_PVREnvironmentReferencePointCount: 2048
    m_PVRFilteringMode: 1
    m_PVRDenoiserTypeDirect: 1
    m_PVRDenoiserTypeIndirect: 1
    m_PVRDenoiserTypeAO: 1
    m_PVRFilterTypeDirect: 0
    m_PVRFilterTypeIndirect: 0
    m_PVRFilterTypeAO: 0
    m_PVREnvironmentMIS: 1
    m_PVRCulling: 1
    m_PVRFilteringGaussRadiusDirect: 1
    m_PVRFilteringGaussRadiusIndirect: 5
    m_PVRFilteringGaussRadiusAO: 2
    m_PVRFilteringAtrousPositionSigmaDirect: 0.5
    m_PVRFilteringAtrousPositionSigmaIndirect: 2
    m_PVRFilteringAtrousPositionSigmaAO: 1
    m_ExportTrainingData: 0
    m_TrainingDataDestination: TrainingData
    m_LightProbeSampleCountMultiplier: 4
  m_LightingDataAsset: {fileID: 112000000, guid: 37a93fb3a8a85be4582200fe5b9fafa8, type: 2}
  m_LightingSettings: {fileID: 4890085278179872738, guid: c8239c20c3a0eeb4f8f6edebb44b9fd7, type: 2}
--- !u!196 &4
NavMeshSettings:
  serializedVersion: 2
  m_ObjectHideFlags: 0
  m_BuildSettings:
    serializedVersion: 2
    agentTypeID: 0
    agentRadius: 0.5
    agentHeight: 2
    agentSlope: 45
    agentClimb: 0.4
    ledgeDropHeight: 0
    maxJumpAcrossDistance: 0
    minRegionArea: 2
    manualCellSize: 0
    cellSize: 0.16666667
    manualTileSize: 0
    tileSize: 256
    accuratePlacement: 0
    maxJobWorkers: 0
    preserveTilesOutsideBounds: 0
    debug:
      m_Flags: 0
  m_NavMeshData: {fileID: 0}
--- !u!1 &865103007
GameObject:
  m_ObjectHideFlags: 0
  m_CorrespondingSourceObject: {fileID: 0}
  m_PrefabInstance: {fileID: 0}
  m_PrefabAsset: {fileID: 0}
  serializedVersion: 6
  m_Component:
  - component: {fileID: 865103009}
  - component: {fileID: 865103008}
  m_Layer: 0
  m_Name: Point Light
  m_TagString: Untagged
  m_Icon: {fileID: 0}
  m_NavMeshLayer: 0
  m_StaticEditorFlags: 0
  m_IsActive: 1
--- !u!108 &865103008
Light:
  m_ObjectHideFlags: 0
  m_CorrespondingSourceObject: {fileID: 0}
  m_PrefabInstance: {fileID: 0}
  m_PrefabAsset: {fileID: 0}
  m_GameObject: {fileID: 865103007}
  m_Enabled: 1
  serializedVersion: 10
  m_Type: 2
  m_Shape: 0
  m_Color: {r: 1, g: 1, b: 1, a: 1}
  m_Intensity: 1
  m_Range: 10
  m_SpotAngle: 30
  m_InnerSpotAngle: 21.80208
  m_CookieSize: 10
  m_Shadows:
    m_Type: 0
    m_Resolution: -1
    m_CustomResolution: -1
    m_Strength: 1
    m_Bias: 0.05
    m_NormalBias: 0.4
    m_NearPlane: 0.2
    m_CullingMatrixOverride:
      e00: 1
      e01: 0
      e02: 0
      e03: 0
      e10: 0
      e11: 1
      e12: 0
      e13: 0
      e20: 0
      e21: 0
      e22: 1
      e23: 0
      e30: 0
      e31: 0
      e32: 0
      e33: 1
    m_UseCullingMatrixOverride: 0
  m_Cookie: {fileID: 0}
  m_DrawHalo: 0
  m_Flare: {fileID: 0}
  m_RenderMode: 0
  m_CullingMask:
    serializedVersion: 2
    m_Bits: 4294967295
  m_RenderingLayerMask: 1
  m_Lightmapping: 4
  m_LightShadowCasterMode: 0
  m_AreaSize: {x: 1, y: 1}
  m_BounceIntensity: 0
  m_ColorTemperature: 6570
  m_UseColorTemperature: 0
  m_BoundingSphereOverride: {x: 0, y: 0, z: 0, w: 0}
  m_UseBoundingSphereOverride: 0
  m_UseViewFrustumForShadowCasterCull: 1
  m_ShadowRadius: 0
  m_ShadowAngle: 0
--- !u!4 &865103009
Transform:
  m_ObjectHideFlags: 0
  m_CorrespondingSourceObject: {fileID: 0}
  m_PrefabInstance: {fileID: 0}
  m_PrefabAsset: {fileID: 0}
  m_GameObject: {fileID: 865103007}
  m_LocalRotation: {x: 0, y: 0, z: 0, w: 1}
  m_LocalPosition: {x: 0, y: 2.069, z: -0.18062738}
  m_LocalScale: {x: 1, y: 1, z: 1}
  m_Children: []
  m_Father: {fileID: 0}
  m_RootOrder: 2
  m_LocalEulerAnglesHint: {x: 0, y: 0, z: 0}
--- !u!1 &1006333812
GameObject:
  m_ObjectHideFlags: 0
  m_CorrespondingSourceObject: {fileID: 0}
  m_PrefabInstance: {fileID: 0}
  m_PrefabAsset: {fileID: 0}
  serializedVersion: 6
  m_Component:
  - component: {fileID: 1006333815}
  - component: {fileID: 1006333814}
  - component: {fileID: 1006333813}
  m_Layer: 0
  m_Name: Main Camera
  m_TagString: Untagged
  m_Icon: {fileID: 0}
  m_NavMeshLayer: 0
  m_StaticEditorFlags: 0
  m_IsActive: 1
--- !u!81 &1006333813
AudioListener:
  m_ObjectHideFlags: 0
  m_CorrespondingSourceObject: {fileID: 0}
  m_PrefabInstance: {fileID: 0}
  m_PrefabAsset: {fileID: 0}
  m_GameObject: {fileID: 1006333812}
  m_Enabled: 1
--- !u!20 &1006333814
Camera:
  m_ObjectHideFlags: 0
  m_CorrespondingSourceObject: {fileID: 0}
  m_PrefabInstance: {fileID: 0}
  m_PrefabAsset: {fileID: 0}
  m_GameObject: {fileID: 1006333812}
  m_Enabled: 1
  serializedVersion: 2
  m_ClearFlags: 1
  m_BackGroundColor: {r: 0, g: 0, b: 0, a: 1}
  m_projectionMatrixMode: 1
  m_GateFitMode: 2
  m_FOVAxisMode: 0
  m_SensorSize: {x: 36, y: 24}
  m_LensShift: {x: 0, y: 0}
  m_FocalLength: 50
  m_NormalizedViewPortRect:
    serializedVersion: 2
    x: 0
    y: 0
    width: 1
    height: 1
  near clip plane: 0.3
  far clip plane: 1000
  field of view: 60
  orthographic: 0
  orthographic size: 5
  m_Depth: -1
  m_CullingMask:
    serializedVersion: 2
    m_Bits: 1
  m_RenderingPath: 1
  m_TargetTexture: {fileID: 0}
  m_TargetDisplay: 0
  m_TargetEye: 3
  m_HDR: 0
  m_AllowMSAA: 1
  m_AllowDynamicResolution: 0
  m_ForceIntoRT: 0
  m_OcclusionCulling: 0
  m_StereoConvergence: 10
  m_StereoSeparation: 0.022
--- !u!4 &1006333815
Transform:
  m_ObjectHideFlags: 0
  m_CorrespondingSourceObject: {fileID: 0}
  m_PrefabInstance: {fileID: 0}
  m_PrefabAsset: {fileID: 0}
  m_GameObject: {fileID: 1006333812}
  m_LocalRotation: {x: 0, y: 0.7071068, z: 0, w: 0.7071068}
  m_LocalPosition: {x: -9, y: 1.75, z: 0}
  m_LocalScale: {x: 1, y: 1, z: 1}
  m_Children: []
  m_Father: {fileID: 0}
  m_RootOrder: 0
  m_LocalEulerAnglesHint: {x: 0, y: 90, z: 0}
--- !u!1001 &1826093362
PrefabInstance:
  m_ObjectHideFlags: 0
  serializedVersion: 2
  m_Modification:
    m_TransformParent: {fileID: 0}
    m_Modifications:
    - target: {fileID: 944001950256306, guid: 0673bb1b493e7a7409ac4b3f1a62a5f1, type: 3}
      propertyPath: m_StaticEditorFlags
      value: 4294967295
      objectReference: {fileID: 0}
    - target: {fileID: 66470613387508809, guid: 0673bb1b493e7a7409ac4b3f1a62a5f1, type: 3}
      propertyPath: m_StaticEditorFlags
      value: 4294967295
      objectReference: {fileID: 0}
    - target: {fileID: 83547086373356895, guid: 0673bb1b493e7a7409ac4b3f1a62a5f1, type: 3}
      propertyPath: m_StaticEditorFlags
      value: 4294967295
      objectReference: {fileID: 0}
    - target: {fileID: 89965509562374193, guid: 0673bb1b493e7a7409ac4b3f1a62a5f1, type: 3}
      propertyPath: m_StaticEditorFlags
      value: 4294967295
      objectReference: {fileID: 0}
    - target: {fileID: 118595164206855129, guid: 0673bb1b493e7a7409ac4b3f1a62a5f1, type: 3}
      propertyPath: m_StaticEditorFlags
      value: 4294967295
      objectReference: {fileID: 0}
    - target: {fileID: 210208310632816985, guid: 0673bb1b493e7a7409ac4b3f1a62a5f1, type: 3}
      propertyPath: m_StaticEditorFlags
      value: 4294967295
      objectReference: {fileID: 0}
    - target: {fileID: 235480777444945075, guid: 0673bb1b493e7a7409ac4b3f1a62a5f1, type: 3}
      propertyPath: m_StaticEditorFlags
      value: 4294967295
      objectReference: {fileID: 0}
    - target: {fileID: 268884466045113345, guid: 0673bb1b493e7a7409ac4b3f1a62a5f1, type: 3}
      propertyPath: m_StaticEditorFlags
      value: 4294967295
      objectReference: {fileID: 0}
    - target: {fileID: 272739861212848165, guid: 0673bb1b493e7a7409ac4b3f1a62a5f1, type: 3}
      propertyPath: m_StaticEditorFlags
      value: 4294967295
      objectReference: {fileID: 0}
    - target: {fileID: 279776607304354930, guid: 0673bb1b493e7a7409ac4b3f1a62a5f1, type: 3}
      propertyPath: m_StaticEditorFlags
      value: 4294967295
      objectReference: {fileID: 0}
    - target: {fileID: 296890862888040079, guid: 0673bb1b493e7a7409ac4b3f1a62a5f1, type: 3}
      propertyPath: m_StaticEditorFlags
      value: 4294967295
      objectReference: {fileID: 0}
    - target: {fileID: 408837785496126904, guid: 0673bb1b493e7a7409ac4b3f1a62a5f1, type: 3}
      propertyPath: m_StaticEditorFlags
      value: 4294967295
      objectReference: {fileID: 0}
    - target: {fileID: 427147142766021921, guid: 0673bb1b493e7a7409ac4b3f1a62a5f1, type: 3}
      propertyPath: m_StaticEditorFlags
      value: 4294967295
      objectReference: {fileID: 0}
    - target: {fileID: 439018556849252735, guid: 0673bb1b493e7a7409ac4b3f1a62a5f1, type: 3}
      propertyPath: m_StaticEditorFlags
      value: 4294967295
      objectReference: {fileID: 0}
    - target: {fileID: 439737909923064564, guid: 0673bb1b493e7a7409ac4b3f1a62a5f1, type: 3}
      propertyPath: m_StaticEditorFlags
      value: 4294967295
      objectReference: {fileID: 0}
    - target: {fileID: 443104861815370238, guid: 0673bb1b493e7a7409ac4b3f1a62a5f1, type: 3}
      propertyPath: m_StaticEditorFlags
      value: 4294967295
      objectReference: {fileID: 0}
    - target: {fileID: 462688081167377531, guid: 0673bb1b493e7a7409ac4b3f1a62a5f1, type: 3}
      propertyPath: m_StaticEditorFlags
      value: 4294967295
      objectReference: {fileID: 0}
    - target: {fileID: 480648081700430987, guid: 0673bb1b493e7a7409ac4b3f1a62a5f1, type: 3}
      propertyPath: m_StaticEditorFlags
      value: 4294967295
      objectReference: {fileID: 0}
    - target: {fileID: 489558723655933686, guid: 0673bb1b493e7a7409ac4b3f1a62a5f1, type: 3}
      propertyPath: m_StaticEditorFlags
      value: 4294967295
      objectReference: {fileID: 0}
    - target: {fileID: 544712180481588785, guid: 0673bb1b493e7a7409ac4b3f1a62a5f1, type: 3}
      propertyPath: m_IsActive
      value: 1
      objectReference: {fileID: 0}
    - target: {fileID: 544712180481588785, guid: 0673bb1b493e7a7409ac4b3f1a62a5f1, type: 3}
      propertyPath: m_StaticEditorFlags
      value: 4294967295
      objectReference: {fileID: 0}
    - target: {fileID: 571184948243347734, guid: 0673bb1b493e7a7409ac4b3f1a62a5f1, type: 3}
      propertyPath: m_StaticEditorFlags
      value: 4294967295
      objectReference: {fileID: 0}
    - target: {fileID: 591651639607318391, guid: 0673bb1b493e7a7409ac4b3f1a62a5f1, type: 3}
      propertyPath: m_StaticEditorFlags
      value: 4294967295
      objectReference: {fileID: 0}
    - target: {fileID: 592180242137143123, guid: 0673bb1b493e7a7409ac4b3f1a62a5f1, type: 3}
      propertyPath: m_StaticEditorFlags
      value: 4294967295
      objectReference: {fileID: 0}
    - target: {fileID: 613432881127109281, guid: 0673bb1b493e7a7409ac4b3f1a62a5f1, type: 3}
      propertyPath: m_StaticEditorFlags
      value: 4294967295
      objectReference: {fileID: 0}
    - target: {fileID: 670998189273686625, guid: 0673bb1b493e7a7409ac4b3f1a62a5f1, type: 3}
      propertyPath: m_StaticEditorFlags
      value: 4294967295
      objectReference: {fileID: 0}
    - target: {fileID: 732417768609918937, guid: 0673bb1b493e7a7409ac4b3f1a62a5f1, type: 3}
      propertyPath: m_StaticEditorFlags
      value: 4294967295
      objectReference: {fileID: 0}
    - target: {fileID: 752650427708899949, guid: 0673bb1b493e7a7409ac4b3f1a62a5f1, type: 3}
      propertyPath: m_StaticEditorFlags
      value: 4294967295
      objectReference: {fileID: 0}
    - target: {fileID: 815797920019744130, guid: 0673bb1b493e7a7409ac4b3f1a62a5f1, type: 3}
      propertyPath: m_StaticEditorFlags
      value: 4294967295
      objectReference: {fileID: 0}
    - target: {fileID: 848456337896528437, guid: 0673bb1b493e7a7409ac4b3f1a62a5f1, type: 3}
      propertyPath: m_StaticEditorFlags
      value: 4294967295
      objectReference: {fileID: 0}
    - target: {fileID: 869653994521306649, guid: 0673bb1b493e7a7409ac4b3f1a62a5f1, type: 3}
      propertyPath: m_StaticEditorFlags
      value: 4294967295
      objectReference: {fileID: 0}
    - target: {fileID: 877951216827930084, guid: 0673bb1b493e7a7409ac4b3f1a62a5f1, type: 3}
      propertyPath: m_StaticEditorFlags
      value: 4294967295
      objectReference: {fileID: 0}
    - target: {fileID: 968600286051609847, guid: 0673bb1b493e7a7409ac4b3f1a62a5f1, type: 3}
      propertyPath: m_StaticEditorFlags
      value: 4294967295
      objectReference: {fileID: 0}
    - target: {fileID: 984251014417285704, guid: 0673bb1b493e7a7409ac4b3f1a62a5f1, type: 3}
      propertyPath: m_StaticEditorFlags
      value: 4294967295
      objectReference: {fileID: 0}
    - target: {fileID: 1007719939994532099, guid: 0673bb1b493e7a7409ac4b3f1a62a5f1, type: 3}
      propertyPath: m_StaticEditorFlags
      value: 4294967295
      objectReference: {fileID: 0}
    - target: {fileID: 1031575703142477520, guid: 0673bb1b493e7a7409ac4b3f1a62a5f1, type: 3}
      propertyPath: m_StaticEditorFlags
      value: 4294967295
      objectReference: {fileID: 0}
    - target: {fileID: 1095274194695605323, guid: 0673bb1b493e7a7409ac4b3f1a62a5f1, type: 3}
      propertyPath: m_StaticEditorFlags
      value: 4294967295
      objectReference: {fileID: 0}
    - target: {fileID: 1114567151468108424, guid: 0673bb1b493e7a7409ac4b3f1a62a5f1, type: 3}
      propertyPath: m_StaticEditorFlags
      value: 4294967295
      objectReference: {fileID: 0}
    - target: {fileID: 1123511972812881521, guid: 0673bb1b493e7a7409ac4b3f1a62a5f1, type: 3}
      propertyPath: m_StaticEditorFlags
      value: 4294967295
      objectReference: {fileID: 0}
    - target: {fileID: 1126236420468642928, guid: 0673bb1b493e7a7409ac4b3f1a62a5f1, type: 3}
      propertyPath: m_StaticEditorFlags
      value: 4294967295
      objectReference: {fileID: 0}
    - target: {fileID: 1137902225038397258, guid: 0673bb1b493e7a7409ac4b3f1a62a5f1, type: 3}
      propertyPath: m_StaticEditorFlags
      value: 4294967295
      objectReference: {fileID: 0}
    - target: {fileID: 1142142359545416376, guid: 0673bb1b493e7a7409ac4b3f1a62a5f1, type: 3}
      propertyPath: m_StaticEditorFlags
      value: 4294967295
      objectReference: {fileID: 0}
    - target: {fileID: 1145564442371243859, guid: 0673bb1b493e7a7409ac4b3f1a62a5f1, type: 3}
      propertyPath: m_StaticEditorFlags
      value: 4294967295
      objectReference: {fileID: 0}
    - target: {fileID: 1172408435236756120, guid: 0673bb1b493e7a7409ac4b3f1a62a5f1, type: 3}
      propertyPath: m_StaticEditorFlags
      value: 4294967295
      objectReference: {fileID: 0}
    - target: {fileID: 1238830758489006681, guid: 0673bb1b493e7a7409ac4b3f1a62a5f1, type: 3}
      propertyPath: m_StaticEditorFlags
      value: 4294967295
      objectReference: {fileID: 0}
    - target: {fileID: 1246192530357068154, guid: 0673bb1b493e7a7409ac4b3f1a62a5f1, type: 3}
      propertyPath: m_StaticEditorFlags
      value: 4294967295
      objectReference: {fileID: 0}
    - target: {fileID: 1250417531316218320, guid: 0673bb1b493e7a7409ac4b3f1a62a5f1, type: 3}
      propertyPath: m_StaticEditorFlags
      value: 4294967295
      objectReference: {fileID: 0}
    - target: {fileID: 1347324758255474637, guid: 0673bb1b493e7a7409ac4b3f1a62a5f1, type: 3}
      propertyPath: m_StaticEditorFlags
      value: 4294967295
      objectReference: {fileID: 0}
    - target: {fileID: 1366404663923718626, guid: 0673bb1b493e7a7409ac4b3f1a62a5f1, type: 3}
      propertyPath: m_StaticEditorFlags
      value: 4294967295
      objectReference: {fileID: 0}
    - target: {fileID: 1367818225724714583, guid: 0673bb1b493e7a7409ac4b3f1a62a5f1, type: 3}
      propertyPath: m_StaticEditorFlags
      value: 4294967295
      objectReference: {fileID: 0}
    - target: {fileID: 1377308769550615475, guid: 0673bb1b493e7a7409ac4b3f1a62a5f1, type: 3}
      propertyPath: m_StaticEditorFlags
      value: 4294967295
      objectReference: {fileID: 0}
    - target: {fileID: 1380119787144783330, guid: 0673bb1b493e7a7409ac4b3f1a62a5f1, type: 3}
      propertyPath: m_StaticEditorFlags
      value: 4294967295
      objectReference: {fileID: 0}
    - target: {fileID: 1380397639198849799, guid: 0673bb1b493e7a7409ac4b3f1a62a5f1, type: 3}
      propertyPath: m_StaticEditorFlags
      value: 4294967295
      objectReference: {fileID: 0}
    - target: {fileID: 1398608117755415633, guid: 0673bb1b493e7a7409ac4b3f1a62a5f1, type: 3}
      propertyPath: m_StaticEditorFlags
      value: 4294967295
      objectReference: {fileID: 0}
    - target: {fileID: 1422464345761781232, guid: 0673bb1b493e7a7409ac4b3f1a62a5f1, type: 3}
      propertyPath: m_StaticEditorFlags
      value: 4294967295
      objectReference: {fileID: 0}
    - target: {fileID: 1447487268180215405, guid: 0673bb1b493e7a7409ac4b3f1a62a5f1, type: 3}
      propertyPath: m_StaticEditorFlags
      value: 4294967295
      objectReference: {fileID: 0}
    - target: {fileID: 1455235643071444925, guid: 0673bb1b493e7a7409ac4b3f1a62a5f1, type: 3}
      propertyPath: m_StaticEditorFlags
      value: 4294967295
      objectReference: {fileID: 0}
    - target: {fileID: 1491966760704241456, guid: 0673bb1b493e7a7409ac4b3f1a62a5f1, type: 3}
      propertyPath: m_StaticEditorFlags
      value: 4294967295
      objectReference: {fileID: 0}
    - target: {fileID: 1498456477773621734, guid: 0673bb1b493e7a7409ac4b3f1a62a5f1, type: 3}
      propertyPath: m_StaticEditorFlags
      value: 4294967295
      objectReference: {fileID: 0}
    - target: {fileID: 1502378823215624321, guid: 0673bb1b493e7a7409ac4b3f1a62a5f1, type: 3}
      propertyPath: m_StaticEditorFlags
      value: 4294967295
      objectReference: {fileID: 0}
    - target: {fileID: 1512929597798916644, guid: 0673bb1b493e7a7409ac4b3f1a62a5f1, type: 3}
      propertyPath: m_StaticEditorFlags
      value: 4294967295
      objectReference: {fileID: 0}
    - target: {fileID: 1522695173216231434, guid: 0673bb1b493e7a7409ac4b3f1a62a5f1, type: 3}
      propertyPath: m_StaticEditorFlags
      value: 4294967295
      objectReference: {fileID: 0}
    - target: {fileID: 1544822606257178111, guid: 0673bb1b493e7a7409ac4b3f1a62a5f1, type: 3}
      propertyPath: m_StaticEditorFlags
      value: 4294967295
      objectReference: {fileID: 0}
    - target: {fileID: 1602448426176781319, guid: 0673bb1b493e7a7409ac4b3f1a62a5f1, type: 3}
      propertyPath: m_StaticEditorFlags
      value: 4294967295
      objectReference: {fileID: 0}
    - target: {fileID: 1608563728307692659, guid: 0673bb1b493e7a7409ac4b3f1a62a5f1, type: 3}
      propertyPath: m_StaticEditorFlags
      value: 4294967295
      objectReference: {fileID: 0}
    - target: {fileID: 1633916893084934760, guid: 0673bb1b493e7a7409ac4b3f1a62a5f1, type: 3}
      propertyPath: m_StaticEditorFlags
      value: 4294967295
      objectReference: {fileID: 0}
    - target: {fileID: 1642539135902634128, guid: 0673bb1b493e7a7409ac4b3f1a62a5f1, type: 3}
      propertyPath: m_StaticEditorFlags
      value: 4294967295
      objectReference: {fileID: 0}
    - target: {fileID: 1681803671209219690, guid: 0673bb1b493e7a7409ac4b3f1a62a5f1, type: 3}
      propertyPath: m_StaticEditorFlags
      value: 4294967295
      objectReference: {fileID: 0}
    - target: {fileID: 1713730852661586567, guid: 0673bb1b493e7a7409ac4b3f1a62a5f1, type: 3}
      propertyPath: m_StaticEditorFlags
      value: 4294967295
      objectReference: {fileID: 0}
    - target: {fileID: 1720093052350963852, guid: 0673bb1b493e7a7409ac4b3f1a62a5f1, type: 3}
      propertyPath: m_StaticEditorFlags
      value: 4294967295
      objectReference: {fileID: 0}
    - target: {fileID: 1730630411270194362, guid: 0673bb1b493e7a7409ac4b3f1a62a5f1, type: 3}
      propertyPath: m_StaticEditorFlags
      value: 4294967295
      objectReference: {fileID: 0}
    - target: {fileID: 1742344832009242593, guid: 0673bb1b493e7a7409ac4b3f1a62a5f1, type: 3}
      propertyPath: m_StaticEditorFlags
      value: 4294967295
      objectReference: {fileID: 0}
    - target: {fileID: 1748059856094734445, guid: 0673bb1b493e7a7409ac4b3f1a62a5f1, type: 3}
      propertyPath: m_StaticEditorFlags
      value: 4294967295
      objectReference: {fileID: 0}
    - target: {fileID: 1753102873681092835, guid: 0673bb1b493e7a7409ac4b3f1a62a5f1, type: 3}
      propertyPath: m_StaticEditorFlags
      value: 4294967295
      objectReference: {fileID: 0}
    - target: {fileID: 1768852845904081140, guid: 0673bb1b493e7a7409ac4b3f1a62a5f1, type: 3}
      propertyPath: m_StaticEditorFlags
      value: 4294967295
      objectReference: {fileID: 0}
    - target: {fileID: 1813032185921764204, guid: 0673bb1b493e7a7409ac4b3f1a62a5f1, type: 3}
      propertyPath: m_StaticEditorFlags
      value: 4294967295
      objectReference: {fileID: 0}
    - target: {fileID: 1865171940117782639, guid: 0673bb1b493e7a7409ac4b3f1a62a5f1, type: 3}
      propertyPath: m_StaticEditorFlags
      value: 4294967295
      objectReference: {fileID: 0}
    - target: {fileID: 1878613148253204900, guid: 0673bb1b493e7a7409ac4b3f1a62a5f1, type: 3}
      propertyPath: m_StaticEditorFlags
      value: 4294967295
      objectReference: {fileID: 0}
    - target: {fileID: 1891729730144139374, guid: 0673bb1b493e7a7409ac4b3f1a62a5f1, type: 3}
      propertyPath: m_StaticEditorFlags
      value: 4294967295
      objectReference: {fileID: 0}
    - target: {fileID: 1957526281836674153, guid: 0673bb1b493e7a7409ac4b3f1a62a5f1, type: 3}
      propertyPath: m_StaticEditorFlags
      value: 4294967295
      objectReference: {fileID: 0}
    - target: {fileID: 1959788026888932651, guid: 0673bb1b493e7a7409ac4b3f1a62a5f1, type: 3}
      propertyPath: m_StaticEditorFlags
      value: 4294967295
      objectReference: {fileID: 0}
    - target: {fileID: 1960205255128308132, guid: 0673bb1b493e7a7409ac4b3f1a62a5f1, type: 3}
      propertyPath: m_StaticEditorFlags
      value: 4294967295
      objectReference: {fileID: 0}
    - target: {fileID: 1968193409733247866, guid: 0673bb1b493e7a7409ac4b3f1a62a5f1, type: 3}
      propertyPath: m_StaticEditorFlags
      value: 4294967295
      objectReference: {fileID: 0}
    - target: {fileID: 1970422064511969519, guid: 0673bb1b493e7a7409ac4b3f1a62a5f1, type: 3}
      propertyPath: m_StaticEditorFlags
      value: 4294967295
      objectReference: {fileID: 0}
    - target: {fileID: 1982595066435716695, guid: 0673bb1b493e7a7409ac4b3f1a62a5f1, type: 3}
      propertyPath: m_StaticEditorFlags
      value: 4294967295
      objectReference: {fileID: 0}
    - target: {fileID: 1995561259879596586, guid: 0673bb1b493e7a7409ac4b3f1a62a5f1, type: 3}
      propertyPath: m_StaticEditorFlags
      value: 4294967295
      objectReference: {fileID: 0}
    - target: {fileID: 2033414632816163722, guid: 0673bb1b493e7a7409ac4b3f1a62a5f1, type: 3}
      propertyPath: m_StaticEditorFlags
      value: 4294967295
      objectReference: {fileID: 0}
    - target: {fileID: 2045651332730747705, guid: 0673bb1b493e7a7409ac4b3f1a62a5f1, type: 3}
      propertyPath: m_StaticEditorFlags
      value: 4294967295
      objectReference: {fileID: 0}
    - target: {fileID: 2063359726336925446, guid: 0673bb1b493e7a7409ac4b3f1a62a5f1, type: 3}
      propertyPath: m_StaticEditorFlags
      value: 4294967295
      objectReference: {fileID: 0}
    - target: {fileID: 2088052222120309234, guid: 0673bb1b493e7a7409ac4b3f1a62a5f1, type: 3}
      propertyPath: m_StaticEditorFlags
      value: 4294967295
      objectReference: {fileID: 0}
    - target: {fileID: 2093223736882631800, guid: 0673bb1b493e7a7409ac4b3f1a62a5f1, type: 3}
      propertyPath: m_StaticEditorFlags
      value: 4294967295
      objectReference: {fileID: 0}
    - target: {fileID: 2124287979194239631, guid: 0673bb1b493e7a7409ac4b3f1a62a5f1, type: 3}
      propertyPath: m_StaticEditorFlags
      value: 4294967295
      objectReference: {fileID: 0}
    - target: {fileID: 2150547593772549455, guid: 0673bb1b493e7a7409ac4b3f1a62a5f1, type: 3}
      propertyPath: m_StaticEditorFlags
      value: 4294967295
      objectReference: {fileID: 0}
    - target: {fileID: 2160174726617279424, guid: 0673bb1b493e7a7409ac4b3f1a62a5f1, type: 3}
      propertyPath: m_IsActive
      value: 1
      objectReference: {fileID: 0}
    - target: {fileID: 2160174726617279424, guid: 0673bb1b493e7a7409ac4b3f1a62a5f1, type: 3}
      propertyPath: m_StaticEditorFlags
      value: 4294967295
      objectReference: {fileID: 0}
    - target: {fileID: 2171853867640991093, guid: 0673bb1b493e7a7409ac4b3f1a62a5f1, type: 3}
      propertyPath: m_StaticEditorFlags
      value: 4294967295
      objectReference: {fileID: 0}
    - target: {fileID: 2227987717603663363, guid: 0673bb1b493e7a7409ac4b3f1a62a5f1, type: 3}
      propertyPath: m_StaticEditorFlags
      value: 4294967295
      objectReference: {fileID: 0}
    - target: {fileID: 2234704381801078107, guid: 0673bb1b493e7a7409ac4b3f1a62a5f1, type: 3}
      propertyPath: m_StaticEditorFlags
      value: 4294967295
      objectReference: {fileID: 0}
    - target: {fileID: 2248285403633317593, guid: 0673bb1b493e7a7409ac4b3f1a62a5f1, type: 3}
      propertyPath: m_StaticEditorFlags
      value: 4294967295
      objectReference: {fileID: 0}
    - target: {fileID: 2267164029589512103, guid: 0673bb1b493e7a7409ac4b3f1a62a5f1, type: 3}
      propertyPath: m_StaticEditorFlags
      value: 4294967295
      objectReference: {fileID: 0}
    - target: {fileID: 2268547143442112346, guid: 0673bb1b493e7a7409ac4b3f1a62a5f1, type: 3}
      propertyPath: m_StaticEditorFlags
      value: 4294967295
      objectReference: {fileID: 0}
    - target: {fileID: 2276111977680481394, guid: 0673bb1b493e7a7409ac4b3f1a62a5f1, type: 3}
      propertyPath: m_StaticEditorFlags
      value: 4294967295
      objectReference: {fileID: 0}
    - target: {fileID: 2292181507623298572, guid: 0673bb1b493e7a7409ac4b3f1a62a5f1, type: 3}
      propertyPath: m_StaticEditorFlags
      value: 4294967295
      objectReference: {fileID: 0}
    - target: {fileID: 2355366596508044345, guid: 0673bb1b493e7a7409ac4b3f1a62a5f1, type: 3}
      propertyPath: m_StaticEditorFlags
      value: 4294967295
      objectReference: {fileID: 0}
    - target: {fileID: 2405362874660402205, guid: 0673bb1b493e7a7409ac4b3f1a62a5f1, type: 3}
      propertyPath: m_StaticEditorFlags
      value: 4294967295
      objectReference: {fileID: 0}
    - target: {fileID: 2428959984448033012, guid: 0673bb1b493e7a7409ac4b3f1a62a5f1, type: 3}
      propertyPath: m_StaticEditorFlags
      value: 4294967295
      objectReference: {fileID: 0}
    - target: {fileID: 2486094723031731853, guid: 0673bb1b493e7a7409ac4b3f1a62a5f1, type: 3}
      propertyPath: m_StaticEditorFlags
      value: 4294967295
      objectReference: {fileID: 0}
    - target: {fileID: 2506216182719458795, guid: 0673bb1b493e7a7409ac4b3f1a62a5f1, type: 3}
      propertyPath: m_StaticEditorFlags
      value: 4294967295
      objectReference: {fileID: 0}
    - target: {fileID: 2526062378713984231, guid: 0673bb1b493e7a7409ac4b3f1a62a5f1, type: 3}
      propertyPath: m_StaticEditorFlags
      value: 4294967295
      objectReference: {fileID: 0}
    - target: {fileID: 2552368127150329555, guid: 0673bb1b493e7a7409ac4b3f1a62a5f1, type: 3}
      propertyPath: m_StaticEditorFlags
      value: 4294967295
      objectReference: {fileID: 0}
    - target: {fileID: 2614082351489500815, guid: 0673bb1b493e7a7409ac4b3f1a62a5f1, type: 3}
      propertyPath: m_StaticEditorFlags
      value: 4294967295
      objectReference: {fileID: 0}
    - target: {fileID: 2618193194047311185, guid: 0673bb1b493e7a7409ac4b3f1a62a5f1, type: 3}
      propertyPath: m_StaticEditorFlags
      value: 4294967295
      objectReference: {fileID: 0}
    - target: {fileID: 2627404824655533069, guid: 0673bb1b493e7a7409ac4b3f1a62a5f1, type: 3}
      propertyPath: m_StaticEditorFlags
      value: 4294967295
      objectReference: {fileID: 0}
    - target: {fileID: 2631717665419191539, guid: 0673bb1b493e7a7409ac4b3f1a62a5f1, type: 3}
      propertyPath: m_StaticEditorFlags
      value: 4294967295
      objectReference: {fileID: 0}
    - target: {fileID: 2690913158700182157, guid: 0673bb1b493e7a7409ac4b3f1a62a5f1, type: 3}
      propertyPath: m_StaticEditorFlags
      value: 4294967295
      objectReference: {fileID: 0}
    - target: {fileID: 2703325060801690765, guid: 0673bb1b493e7a7409ac4b3f1a62a5f1, type: 3}
      propertyPath: m_StaticEditorFlags
      value: 4294967295
      objectReference: {fileID: 0}
    - target: {fileID: 2709960100651086335, guid: 0673bb1b493e7a7409ac4b3f1a62a5f1, type: 3}
      propertyPath: m_StaticEditorFlags
      value: 4294967295
      objectReference: {fileID: 0}
    - target: {fileID: 2819029945963171228, guid: 0673bb1b493e7a7409ac4b3f1a62a5f1, type: 3}
      propertyPath: m_StaticEditorFlags
      value: 4294967295
      objectReference: {fileID: 0}
    - target: {fileID: 2847712977143851151, guid: 0673bb1b493e7a7409ac4b3f1a62a5f1, type: 3}
      propertyPath: m_StaticEditorFlags
      value: 4294967295
      objectReference: {fileID: 0}
    - target: {fileID: 2859244393909376077, guid: 0673bb1b493e7a7409ac4b3f1a62a5f1, type: 3}
      propertyPath: m_StaticEditorFlags
      value: 4294967295
      objectReference: {fileID: 0}
    - target: {fileID: 2879728500758453516, guid: 0673bb1b493e7a7409ac4b3f1a62a5f1, type: 3}
      propertyPath: m_StaticEditorFlags
      value: 4294967295
      objectReference: {fileID: 0}
    - target: {fileID: 2920647746687737521, guid: 0673bb1b493e7a7409ac4b3f1a62a5f1, type: 3}
      propertyPath: m_StaticEditorFlags
      value: 4294967295
      objectReference: {fileID: 0}
    - target: {fileID: 2997716853326196001, guid: 0673bb1b493e7a7409ac4b3f1a62a5f1, type: 3}
      propertyPath: m_StaticEditorFlags
      value: 4294967295
      objectReference: {fileID: 0}
    - target: {fileID: 3007829377118129687, guid: 0673bb1b493e7a7409ac4b3f1a62a5f1, type: 3}
      propertyPath: m_StaticEditorFlags
      value: 4294967295
      objectReference: {fileID: 0}
    - target: {fileID: 3062316078894466644, guid: 0673bb1b493e7a7409ac4b3f1a62a5f1, type: 3}
      propertyPath: m_StaticEditorFlags
      value: 4294967295
      objectReference: {fileID: 0}
    - target: {fileID: 3083678923774661748, guid: 0673bb1b493e7a7409ac4b3f1a62a5f1, type: 3}
      propertyPath: m_StaticEditorFlags
      value: 4294967295
      objectReference: {fileID: 0}
    - target: {fileID: 3147798779011292597, guid: 0673bb1b493e7a7409ac4b3f1a62a5f1, type: 3}
      propertyPath: m_StaticEditorFlags
      value: 4294967295
      objectReference: {fileID: 0}
    - target: {fileID: 3166769262347215385, guid: 0673bb1b493e7a7409ac4b3f1a62a5f1, type: 3}
      propertyPath: m_StaticEditorFlags
      value: 4294967295
      objectReference: {fileID: 0}
    - target: {fileID: 3171020518005438403, guid: 0673bb1b493e7a7409ac4b3f1a62a5f1, type: 3}
      propertyPath: m_StaticEditorFlags
      value: 4294967295
      objectReference: {fileID: 0}
    - target: {fileID: 3178637590952779793, guid: 0673bb1b493e7a7409ac4b3f1a62a5f1, type: 3}
      propertyPath: m_StaticEditorFlags
      value: 4294967295
      objectReference: {fileID: 0}
    - target: {fileID: 3195544235474655020, guid: 0673bb1b493e7a7409ac4b3f1a62a5f1, type: 3}
      propertyPath: m_StaticEditorFlags
      value: 4294967295
      objectReference: {fileID: 0}
    - target: {fileID: 3201214840804516049, guid: 0673bb1b493e7a7409ac4b3f1a62a5f1, type: 3}
      propertyPath: m_StaticEditorFlags
      value: 4294967295
      objectReference: {fileID: 0}
    - target: {fileID: 3220818897911567213, guid: 0673bb1b493e7a7409ac4b3f1a62a5f1, type: 3}
      propertyPath: m_StaticEditorFlags
      value: 4294967295
      objectReference: {fileID: 0}
    - target: {fileID: 3248133246083458719, guid: 0673bb1b493e7a7409ac4b3f1a62a5f1, type: 3}
      propertyPath: m_StaticEditorFlags
      value: 4294967295
      objectReference: {fileID: 0}
    - target: {fileID: 3321486727558908852, guid: 0673bb1b493e7a7409ac4b3f1a62a5f1, type: 3}
      propertyPath: m_StaticEditorFlags
      value: 4294967295
      objectReference: {fileID: 0}
    - target: {fileID: 3331290559889653967, guid: 0673bb1b493e7a7409ac4b3f1a62a5f1, type: 3}
      propertyPath: m_StaticEditorFlags
      value: 4294967295
      objectReference: {fileID: 0}
    - target: {fileID: 3336198614750243324, guid: 0673bb1b493e7a7409ac4b3f1a62a5f1, type: 3}
      propertyPath: m_StaticEditorFlags
      value: 4294967295
      objectReference: {fileID: 0}
    - target: {fileID: 3336815834876086107, guid: 0673bb1b493e7a7409ac4b3f1a62a5f1, type: 3}
      propertyPath: m_StaticEditorFlags
      value: 4294967295
      objectReference: {fileID: 0}
    - target: {fileID: 3337358614104733218, guid: 0673bb1b493e7a7409ac4b3f1a62a5f1, type: 3}
      propertyPath: m_StaticEditorFlags
      value: 4294967295
      objectReference: {fileID: 0}
    - target: {fileID: 3355814458859488805, guid: 0673bb1b493e7a7409ac4b3f1a62a5f1, type: 3}
      propertyPath: m_StaticEditorFlags
      value: 4294967295
      objectReference: {fileID: 0}
    - target: {fileID: 3367657477652865091, guid: 0673bb1b493e7a7409ac4b3f1a62a5f1, type: 3}
      propertyPath: m_StaticEditorFlags
      value: 4294967295
      objectReference: {fileID: 0}
    - target: {fileID: 3439697330588257182, guid: 0673bb1b493e7a7409ac4b3f1a62a5f1, type: 3}
      propertyPath: m_StaticEditorFlags
      value: 4294967295
      objectReference: {fileID: 0}
    - target: {fileID: 3461623302838610657, guid: 0673bb1b493e7a7409ac4b3f1a62a5f1, type: 3}
      propertyPath: m_StaticEditorFlags
      value: 4294967295
      objectReference: {fileID: 0}
    - target: {fileID: 3480781261338733155, guid: 0673bb1b493e7a7409ac4b3f1a62a5f1, type: 3}
      propertyPath: m_StaticEditorFlags
      value: 4294967295
      objectReference: {fileID: 0}
    - target: {fileID: 3504822532075161143, guid: 0673bb1b493e7a7409ac4b3f1a62a5f1, type: 3}
      propertyPath: m_StaticEditorFlags
      value: 4294967295
      objectReference: {fileID: 0}
    - target: {fileID: 3636430851140185226, guid: 0673bb1b493e7a7409ac4b3f1a62a5f1, type: 3}
      propertyPath: m_StaticEditorFlags
      value: 4294967295
      objectReference: {fileID: 0}
    - target: {fileID: 3686190281631073010, guid: 0673bb1b493e7a7409ac4b3f1a62a5f1, type: 3}
      propertyPath: m_StaticEditorFlags
      value: 4294967295
      objectReference: {fileID: 0}
    - target: {fileID: 3692588371364861835, guid: 0673bb1b493e7a7409ac4b3f1a62a5f1, type: 3}
      propertyPath: m_StaticEditorFlags
      value: 4294967295
      objectReference: {fileID: 0}
    - target: {fileID: 3700261614660320031, guid: 0673bb1b493e7a7409ac4b3f1a62a5f1, type: 3}
      propertyPath: m_StaticEditorFlags
      value: 4294967295
      objectReference: {fileID: 0}
    - target: {fileID: 3713847184119371197, guid: 0673bb1b493e7a7409ac4b3f1a62a5f1, type: 3}
      propertyPath: m_StaticEditorFlags
      value: 4294967295
      objectReference: {fileID: 0}
    - target: {fileID: 3754019327729511814, guid: 0673bb1b493e7a7409ac4b3f1a62a5f1, type: 3}
      propertyPath: m_StaticEditorFlags
      value: 4294967295
      objectReference: {fileID: 0}
    - target: {fileID: 3768155246376821101, guid: 0673bb1b493e7a7409ac4b3f1a62a5f1, type: 3}
      propertyPath: m_StaticEditorFlags
      value: 4294967295
      objectReference: {fileID: 0}
    - target: {fileID: 3837059579526232407, guid: 0673bb1b493e7a7409ac4b3f1a62a5f1, type: 3}
      propertyPath: m_StaticEditorFlags
      value: 4294967295
      objectReference: {fileID: 0}
    - target: {fileID: 3858181626478252804, guid: 0673bb1b493e7a7409ac4b3f1a62a5f1, type: 3}
      propertyPath: m_StaticEditorFlags
      value: 4294967295
      objectReference: {fileID: 0}
    - target: {fileID: 3879531431293957763, guid: 0673bb1b493e7a7409ac4b3f1a62a5f1, type: 3}
      propertyPath: m_StaticEditorFlags
      value: 4294967295
      objectReference: {fileID: 0}
    - target: {fileID: 3891871016907468540, guid: 0673bb1b493e7a7409ac4b3f1a62a5f1, type: 3}
      propertyPath: m_StaticEditorFlags
      value: 4294967295
      objectReference: {fileID: 0}
    - target: {fileID: 3926702101525509342, guid: 0673bb1b493e7a7409ac4b3f1a62a5f1, type: 3}
      propertyPath: m_StaticEditorFlags
      value: 4294967295
      objectReference: {fileID: 0}
    - target: {fileID: 3944172049586927105, guid: 0673bb1b493e7a7409ac4b3f1a62a5f1, type: 3}
      propertyPath: m_StaticEditorFlags
      value: 4294967295
      objectReference: {fileID: 0}
    - target: {fileID: 3955296502008682318, guid: 0673bb1b493e7a7409ac4b3f1a62a5f1, type: 3}
      propertyPath: m_StaticEditorFlags
      value: 4294967295
      objectReference: {fileID: 0}
    - target: {fileID: 3961312190082781944, guid: 0673bb1b493e7a7409ac4b3f1a62a5f1, type: 3}
      propertyPath: m_StaticEditorFlags
      value: 4294967295
      objectReference: {fileID: 0}
    - target: {fileID: 3994077705271224628, guid: 0673bb1b493e7a7409ac4b3f1a62a5f1, type: 3}
      propertyPath: m_StaticEditorFlags
      value: 4294967295
      objectReference: {fileID: 0}
    - target: {fileID: 4016447405115563313, guid: 0673bb1b493e7a7409ac4b3f1a62a5f1, type: 3}
      propertyPath: m_StaticEditorFlags
      value: 4294967295
      objectReference: {fileID: 0}
    - target: {fileID: 4033322487237755392, guid: 0673bb1b493e7a7409ac4b3f1a62a5f1, type: 3}
      propertyPath: m_StaticEditorFlags
      value: 4294967295
      objectReference: {fileID: 0}
    - target: {fileID: 4041246145746302352, guid: 0673bb1b493e7a7409ac4b3f1a62a5f1, type: 3}
      propertyPath: m_StaticEditorFlags
      value: 4294967295
      objectReference: {fileID: 0}
    - target: {fileID: 4048625522251561313, guid: 0673bb1b493e7a7409ac4b3f1a62a5f1, type: 3}
      propertyPath: m_StaticEditorFlags
      value: 4294967295
      objectReference: {fileID: 0}
    - target: {fileID: 4071594272773434625, guid: 0673bb1b493e7a7409ac4b3f1a62a5f1, type: 3}
      propertyPath: m_StaticEditorFlags
      value: 4294967295
      objectReference: {fileID: 0}
    - target: {fileID: 4089699645819553696, guid: 0673bb1b493e7a7409ac4b3f1a62a5f1, type: 3}
      propertyPath: m_StaticEditorFlags
      value: 4294967295
      objectReference: {fileID: 0}
    - target: {fileID: 4101338159605820572, guid: 0673bb1b493e7a7409ac4b3f1a62a5f1, type: 3}
      propertyPath: m_StaticEditorFlags
      value: 4294967295
      objectReference: {fileID: 0}
    - target: {fileID: 4109912691976077072, guid: 0673bb1b493e7a7409ac4b3f1a62a5f1, type: 3}
      propertyPath: m_Materials.Array.data[0]
      value: 
      objectReference: {fileID: 2100000, guid: f11a02ab722944a40848856017a6440d, type: 2}
    - target: {fileID: 4158783806382819231, guid: 0673bb1b493e7a7409ac4b3f1a62a5f1, type: 3}
      propertyPath: m_StaticEditorFlags
      value: 4294967295
      objectReference: {fileID: 0}
    - target: {fileID: 4208812075524993892, guid: 0673bb1b493e7a7409ac4b3f1a62a5f1, type: 3}
      propertyPath: m_StaticEditorFlags
      value: 4294967295
      objectReference: {fileID: 0}
    - target: {fileID: 4226756730055592480, guid: 0673bb1b493e7a7409ac4b3f1a62a5f1, type: 3}
      propertyPath: m_StaticEditorFlags
      value: 4294967295
      objectReference: {fileID: 0}
    - target: {fileID: 4257579012105738821, guid: 0673bb1b493e7a7409ac4b3f1a62a5f1, type: 3}
      propertyPath: m_StaticEditorFlags
      value: 4294967295
      objectReference: {fileID: 0}
    - target: {fileID: 4258943726456537747, guid: 0673bb1b493e7a7409ac4b3f1a62a5f1, type: 3}
      propertyPath: m_StaticEditorFlags
      value: 4294967295
      objectReference: {fileID: 0}
    - target: {fileID: 4265350509903994205, guid: 0673bb1b493e7a7409ac4b3f1a62a5f1, type: 3}
      propertyPath: m_StaticEditorFlags
      value: 4294967295
      objectReference: {fileID: 0}
    - target: {fileID: 4330779093447038018, guid: 0673bb1b493e7a7409ac4b3f1a62a5f1, type: 3}
      propertyPath: m_StaticEditorFlags
      value: 4294967295
      objectReference: {fileID: 0}
    - target: {fileID: 4335555635134052306, guid: 0673bb1b493e7a7409ac4b3f1a62a5f1, type: 3}
      propertyPath: m_StaticEditorFlags
      value: 4294967295
      objectReference: {fileID: 0}
    - target: {fileID: 4341964229389936242, guid: 0673bb1b493e7a7409ac4b3f1a62a5f1, type: 3}
      propertyPath: m_StaticEditorFlags
      value: 4294967295
      objectReference: {fileID: 0}
    - target: {fileID: 4364116926076140272, guid: 0673bb1b493e7a7409ac4b3f1a62a5f1, type: 3}
      propertyPath: m_StaticEditorFlags
      value: 4294967295
      objectReference: {fileID: 0}
    - target: {fileID: 4383164302456662191, guid: 0673bb1b493e7a7409ac4b3f1a62a5f1, type: 3}
      propertyPath: m_StaticEditorFlags
      value: 4294967295
      objectReference: {fileID: 0}
    - target: {fileID: 4393845479586716601, guid: 0673bb1b493e7a7409ac4b3f1a62a5f1, type: 3}
      propertyPath: m_StaticEditorFlags
      value: 4294967295
      objectReference: {fileID: 0}
    - target: {fileID: 4402828529497258895, guid: 0673bb1b493e7a7409ac4b3f1a62a5f1, type: 3}
      propertyPath: m_StaticEditorFlags
      value: 4294967295
      objectReference: {fileID: 0}
    - target: {fileID: 4464278813471400614, guid: 0673bb1b493e7a7409ac4b3f1a62a5f1, type: 3}
      propertyPath: m_StaticEditorFlags
      value: 4294967295
      objectReference: {fileID: 0}
    - target: {fileID: 4499841213802916642, guid: 0673bb1b493e7a7409ac4b3f1a62a5f1, type: 3}
      propertyPath: m_StaticEditorFlags
      value: 4294967295
      objectReference: {fileID: 0}
    - target: {fileID: 4509713167919578020, guid: 0673bb1b493e7a7409ac4b3f1a62a5f1, type: 3}
      propertyPath: m_StaticEditorFlags
      value: 4294967295
      objectReference: {fileID: 0}
    - target: {fileID: 4543413329663326650, guid: 0673bb1b493e7a7409ac4b3f1a62a5f1, type: 3}
      propertyPath: m_StaticEditorFlags
      value: 4294967295
      objectReference: {fileID: 0}
    - target: {fileID: 4556089078985894824, guid: 0673bb1b493e7a7409ac4b3f1a62a5f1, type: 3}
      propertyPath: m_StaticEditorFlags
      value: 4294967295
      objectReference: {fileID: 0}
    - target: {fileID: 4613730969622556206, guid: 0673bb1b493e7a7409ac4b3f1a62a5f1, type: 3}
      propertyPath: m_StaticEditorFlags
      value: 4294967295
      objectReference: {fileID: 0}
    - target: {fileID: 4622167430417762936, guid: 0673bb1b493e7a7409ac4b3f1a62a5f1, type: 3}
      propertyPath: m_StaticEditorFlags
      value: 4294967295
      objectReference: {fileID: 0}
    - target: {fileID: 4624844909078486422, guid: 0673bb1b493e7a7409ac4b3f1a62a5f1, type: 3}
      propertyPath: m_StaticEditorFlags
      value: 4294967295
      objectReference: {fileID: 0}
    - target: {fileID: 4648413513819541576, guid: 0673bb1b493e7a7409ac4b3f1a62a5f1, type: 3}
      propertyPath: m_StaticEditorFlags
      value: 4294967295
      objectReference: {fileID: 0}
    - target: {fileID: 4678271239278311424, guid: 0673bb1b493e7a7409ac4b3f1a62a5f1, type: 3}
      propertyPath: m_StaticEditorFlags
      value: 4294967295
      objectReference: {fileID: 0}
    - target: {fileID: 4709280662623137190, guid: 0673bb1b493e7a7409ac4b3f1a62a5f1, type: 3}
      propertyPath: m_StaticEditorFlags
      value: 4294967295
      objectReference: {fileID: 0}
    - target: {fileID: 4714855143595739827, guid: 0673bb1b493e7a7409ac4b3f1a62a5f1, type: 3}
      propertyPath: m_StaticEditorFlags
      value: 4294967295
      objectReference: {fileID: 0}
    - target: {fileID: 4765972274582333908, guid: 0673bb1b493e7a7409ac4b3f1a62a5f1, type: 3}
      propertyPath: m_StaticEditorFlags
      value: 4294967295
      objectReference: {fileID: 0}
    - target: {fileID: 4773080088214659053, guid: 0673bb1b493e7a7409ac4b3f1a62a5f1, type: 3}
      propertyPath: m_StaticEditorFlags
      value: 4294967295
      objectReference: {fileID: 0}
    - target: {fileID: 4773725197895931193, guid: 0673bb1b493e7a7409ac4b3f1a62a5f1, type: 3}
      propertyPath: m_StaticEditorFlags
      value: 4294967295
      objectReference: {fileID: 0}
    - target: {fileID: 4773901354919541673, guid: 0673bb1b493e7a7409ac4b3f1a62a5f1, type: 3}
      propertyPath: m_StaticEditorFlags
      value: 4294967295
      objectReference: {fileID: 0}
    - target: {fileID: 4806560885479278005, guid: 0673bb1b493e7a7409ac4b3f1a62a5f1, type: 3}
      propertyPath: m_StaticEditorFlags
      value: 4294967295
      objectReference: {fileID: 0}
    - target: {fileID: 4835366369286141330, guid: 0673bb1b493e7a7409ac4b3f1a62a5f1, type: 3}
      propertyPath: m_StaticEditorFlags
      value: 4294967295
      objectReference: {fileID: 0}
    - target: {fileID: 4847209530320633405, guid: 0673bb1b493e7a7409ac4b3f1a62a5f1, type: 3}
      propertyPath: m_StaticEditorFlags
      value: 4294967295
      objectReference: {fileID: 0}
    - target: {fileID: 4852374378507049973, guid: 0673bb1b493e7a7409ac4b3f1a62a5f1, type: 3}
      propertyPath: m_StaticEditorFlags
      value: 4294967295
      objectReference: {fileID: 0}
    - target: {fileID: 4882031366047484830, guid: 0673bb1b493e7a7409ac4b3f1a62a5f1, type: 3}
      propertyPath: m_StaticEditorFlags
      value: 4294967295
      objectReference: {fileID: 0}
    - target: {fileID: 4934138966722700825, guid: 0673bb1b493e7a7409ac4b3f1a62a5f1, type: 3}
      propertyPath: m_StaticEditorFlags
      value: 4294967295
      objectReference: {fileID: 0}
    - target: {fileID: 4940047385673839018, guid: 0673bb1b493e7a7409ac4b3f1a62a5f1, type: 3}
      propertyPath: m_StaticEditorFlags
      value: 4294967295
      objectReference: {fileID: 0}
    - target: {fileID: 4951578303152131630, guid: 0673bb1b493e7a7409ac4b3f1a62a5f1, type: 3}
      propertyPath: m_StaticEditorFlags
      value: 4294967295
      objectReference: {fileID: 0}
    - target: {fileID: 4987676038962842450, guid: 0673bb1b493e7a7409ac4b3f1a62a5f1, type: 3}
      propertyPath: m_StaticEditorFlags
      value: 4294967295
      objectReference: {fileID: 0}
    - target: {fileID: 5015471144809909047, guid: 0673bb1b493e7a7409ac4b3f1a62a5f1, type: 3}
      propertyPath: m_StaticEditorFlags
      value: 4294967295
      objectReference: {fileID: 0}
    - target: {fileID: 5017213336701207336, guid: 0673bb1b493e7a7409ac4b3f1a62a5f1, type: 3}
      propertyPath: m_StaticEditorFlags
      value: 4294967295
      objectReference: {fileID: 0}
    - target: {fileID: 5058805897098640501, guid: 0673bb1b493e7a7409ac4b3f1a62a5f1, type: 3}
      propertyPath: m_StaticEditorFlags
      value: 4294967295
      objectReference: {fileID: 0}
    - target: {fileID: 5105152134500985481, guid: 0673bb1b493e7a7409ac4b3f1a62a5f1, type: 3}
      propertyPath: m_StaticEditorFlags
      value: 4294967295
      objectReference: {fileID: 0}
    - target: {fileID: 5112538925125535764, guid: 0673bb1b493e7a7409ac4b3f1a62a5f1, type: 3}
      propertyPath: m_StaticEditorFlags
      value: 4294967295
      objectReference: {fileID: 0}
    - target: {fileID: 5147044633513859873, guid: 0673bb1b493e7a7409ac4b3f1a62a5f1, type: 3}
      propertyPath: m_StaticEditorFlags
      value: 4294967295
      objectReference: {fileID: 0}
    - target: {fileID: 5170134909412397113, guid: 0673bb1b493e7a7409ac4b3f1a62a5f1, type: 3}
      propertyPath: m_StaticEditorFlags
      value: 4294967295
      objectReference: {fileID: 0}
    - target: {fileID: 5234378198600518604, guid: 0673bb1b493e7a7409ac4b3f1a62a5f1, type: 3}
      propertyPath: m_StaticEditorFlags
      value: 4294967295
      objectReference: {fileID: 0}
    - target: {fileID: 5236269569214392349, guid: 0673bb1b493e7a7409ac4b3f1a62a5f1, type: 3}
      propertyPath: m_StaticEditorFlags
      value: 4294967295
      objectReference: {fileID: 0}
    - target: {fileID: 5239645769994956883, guid: 0673bb1b493e7a7409ac4b3f1a62a5f1, type: 3}
      propertyPath: m_StaticEditorFlags
      value: 4294967295
      objectReference: {fileID: 0}
    - target: {fileID: 5242190432807281752, guid: 0673bb1b493e7a7409ac4b3f1a62a5f1, type: 3}
      propertyPath: m_StaticEditorFlags
      value: 4294967295
      objectReference: {fileID: 0}
    - target: {fileID: 5246341323000694000, guid: 0673bb1b493e7a7409ac4b3f1a62a5f1, type: 3}
      propertyPath: m_StaticEditorFlags
      value: 4294967295
      objectReference: {fileID: 0}
    - target: {fileID: 5309895783189117901, guid: 0673bb1b493e7a7409ac4b3f1a62a5f1, type: 3}
      propertyPath: m_StaticEditorFlags
      value: 4294967295
      objectReference: {fileID: 0}
    - target: {fileID: 5311153721439089187, guid: 0673bb1b493e7a7409ac4b3f1a62a5f1, type: 3}
      propertyPath: m_StaticEditorFlags
      value: 4294967295
      objectReference: {fileID: 0}
    - target: {fileID: 5348811948038053204, guid: 0673bb1b493e7a7409ac4b3f1a62a5f1, type: 3}
      propertyPath: m_StaticEditorFlags
      value: 4294967295
      objectReference: {fileID: 0}
    - target: {fileID: 5355801336629227699, guid: 0673bb1b493e7a7409ac4b3f1a62a5f1, type: 3}
      propertyPath: m_StaticEditorFlags
      value: 4294967295
      objectReference: {fileID: 0}
    - target: {fileID: 5376947252846894091, guid: 0673bb1b493e7a7409ac4b3f1a62a5f1, type: 3}
      propertyPath: m_StaticEditorFlags
      value: 4294967295
      objectReference: {fileID: 0}
    - target: {fileID: 5427668132873174693, guid: 0673bb1b493e7a7409ac4b3f1a62a5f1, type: 3}
      propertyPath: m_StaticEditorFlags
      value: 4294967295
      objectReference: {fileID: 0}
    - target: {fileID: 5446103869733554050, guid: 0673bb1b493e7a7409ac4b3f1a62a5f1, type: 3}
      propertyPath: m_StaticEditorFlags
      value: 4294967295
      objectReference: {fileID: 0}
    - target: {fileID: 5449183551193807183, guid: 0673bb1b493e7a7409ac4b3f1a62a5f1, type: 3}
      propertyPath: m_StaticEditorFlags
      value: 4294967295
      objectReference: {fileID: 0}
    - target: {fileID: 5459982728980627139, guid: 0673bb1b493e7a7409ac4b3f1a62a5f1, type: 3}
      propertyPath: m_StaticEditorFlags
      value: 4294967295
      objectReference: {fileID: 0}
    - target: {fileID: 5483470370123345386, guid: 0673bb1b493e7a7409ac4b3f1a62a5f1, type: 3}
      propertyPath: m_StaticEditorFlags
      value: 4294967295
      objectReference: {fileID: 0}
    - target: {fileID: 5514811377895950602, guid: 0673bb1b493e7a7409ac4b3f1a62a5f1, type: 3}
      propertyPath: m_StaticEditorFlags
      value: 4294967295
      objectReference: {fileID: 0}
    - target: {fileID: 5522937795383695501, guid: 0673bb1b493e7a7409ac4b3f1a62a5f1, type: 3}
      propertyPath: m_StaticEditorFlags
      value: 4294967295
      objectReference: {fileID: 0}
    - target: {fileID: 5524376322266005499, guid: 0673bb1b493e7a7409ac4b3f1a62a5f1, type: 3}
      propertyPath: m_StaticEditorFlags
      value: 4294967295
      objectReference: {fileID: 0}
    - target: {fileID: 5588388493191574445, guid: 0673bb1b493e7a7409ac4b3f1a62a5f1, type: 3}
      propertyPath: m_StaticEditorFlags
      value: 4294967295
      objectReference: {fileID: 0}
    - target: {fileID: 5675871372094761284, guid: 0673bb1b493e7a7409ac4b3f1a62a5f1, type: 3}
      propertyPath: m_StaticEditorFlags
      value: 4294967295
      objectReference: {fileID: 0}
    - target: {fileID: 5690685961937654417, guid: 0673bb1b493e7a7409ac4b3f1a62a5f1, type: 3}
      propertyPath: m_StaticEditorFlags
      value: 4294967295
      objectReference: {fileID: 0}
    - target: {fileID: 5730061860581989692, guid: 0673bb1b493e7a7409ac4b3f1a62a5f1, type: 3}
      propertyPath: m_StaticEditorFlags
      value: 4294967295
      objectReference: {fileID: 0}
    - target: {fileID: 5732999932069220565, guid: 0673bb1b493e7a7409ac4b3f1a62a5f1, type: 3}
      propertyPath: m_StaticEditorFlags
      value: 4294967295
      objectReference: {fileID: 0}
    - target: {fileID: 5774407405704308029, guid: 0673bb1b493e7a7409ac4b3f1a62a5f1, type: 3}
      propertyPath: m_StaticEditorFlags
      value: 4294967295
      objectReference: {fileID: 0}
    - target: {fileID: 5786816701903295327, guid: 0673bb1b493e7a7409ac4b3f1a62a5f1, type: 3}
      propertyPath: m_StaticEditorFlags
      value: 4294967295
      objectReference: {fileID: 0}
    - target: {fileID: 5798809908524772968, guid: 0673bb1b493e7a7409ac4b3f1a62a5f1, type: 3}
      propertyPath: m_StaticEditorFlags
      value: 4294967295
      objectReference: {fileID: 0}
    - target: {fileID: 5823125742046563987, guid: 0673bb1b493e7a7409ac4b3f1a62a5f1, type: 3}
      propertyPath: m_StaticEditorFlags
      value: 4294967295
      objectReference: {fileID: 0}
    - target: {fileID: 5836130541243329164, guid: 0673bb1b493e7a7409ac4b3f1a62a5f1, type: 3}
      propertyPath: m_StaticEditorFlags
      value: 4294967295
      objectReference: {fileID: 0}
    - target: {fileID: 5857427284923637594, guid: 0673bb1b493e7a7409ac4b3f1a62a5f1, type: 3}
      propertyPath: m_StaticEditorFlags
      value: 4294967295
      objectReference: {fileID: 0}
    - target: {fileID: 5905359110284419900, guid: 0673bb1b493e7a7409ac4b3f1a62a5f1, type: 3}
      propertyPath: m_StaticEditorFlags
      value: 4294967295
      objectReference: {fileID: 0}
    - target: {fileID: 5907078176420105533, guid: 0673bb1b493e7a7409ac4b3f1a62a5f1, type: 3}
      propertyPath: m_StaticEditorFlags
      value: 4294967295
      objectReference: {fileID: 0}
    - target: {fileID: 5938092658960264325, guid: 0673bb1b493e7a7409ac4b3f1a62a5f1, type: 3}
      propertyPath: m_StaticEditorFlags
      value: 4294967295
      objectReference: {fileID: 0}
    - target: {fileID: 5953244616041997274, guid: 0673bb1b493e7a7409ac4b3f1a62a5f1, type: 3}
      propertyPath: m_StaticEditorFlags
      value: 4294967295
      objectReference: {fileID: 0}
    - target: {fileID: 5960992520032185893, guid: 0673bb1b493e7a7409ac4b3f1a62a5f1, type: 3}
      propertyPath: m_StaticEditorFlags
      value: 4294967295
      objectReference: {fileID: 0}
    - target: {fileID: 5963149209298633395, guid: 0673bb1b493e7a7409ac4b3f1a62a5f1, type: 3}
      propertyPath: m_StaticEditorFlags
      value: 4294967295
      objectReference: {fileID: 0}
    - target: {fileID: 5965916106915970041, guid: 0673bb1b493e7a7409ac4b3f1a62a5f1, type: 3}
      propertyPath: m_StaticEditorFlags
      value: 4294967295
      objectReference: {fileID: 0}
    - target: {fileID: 5990539202570838545, guid: 0673bb1b493e7a7409ac4b3f1a62a5f1, type: 3}
      propertyPath: m_StaticEditorFlags
      value: 4294967295
      objectReference: {fileID: 0}
    - target: {fileID: 5991494871079285267, guid: 0673bb1b493e7a7409ac4b3f1a62a5f1, type: 3}
      propertyPath: m_StaticEditorFlags
      value: 4294967295
      objectReference: {fileID: 0}
    - target: {fileID: 5992051509410408783, guid: 0673bb1b493e7a7409ac4b3f1a62a5f1, type: 3}
      propertyPath: m_StaticEditorFlags
      value: 4294967295
      objectReference: {fileID: 0}
    - target: {fileID: 6003211094858937282, guid: 0673bb1b493e7a7409ac4b3f1a62a5f1, type: 3}
      propertyPath: m_StaticEditorFlags
      value: 4294967295
      objectReference: {fileID: 0}
    - target: {fileID: 6022092713647983798, guid: 0673bb1b493e7a7409ac4b3f1a62a5f1, type: 3}
      propertyPath: m_StaticEditorFlags
      value: 4294967295
      objectReference: {fileID: 0}
    - target: {fileID: 6070544086445603872, guid: 0673bb1b493e7a7409ac4b3f1a62a5f1, type: 3}
      propertyPath: m_StaticEditorFlags
      value: 4294967295
      objectReference: {fileID: 0}
    - target: {fileID: 6090630389122749849, guid: 0673bb1b493e7a7409ac4b3f1a62a5f1, type: 3}
      propertyPath: m_StaticEditorFlags
      value: 4294967295
      objectReference: {fileID: 0}
    - target: {fileID: 6144970522816211208, guid: 0673bb1b493e7a7409ac4b3f1a62a5f1, type: 3}
      propertyPath: m_StaticEditorFlags
      value: 4294967295
      objectReference: {fileID: 0}
    - target: {fileID: 6157110794530774727, guid: 0673bb1b493e7a7409ac4b3f1a62a5f1, type: 3}
      propertyPath: m_StaticEditorFlags
      value: 4294967295
      objectReference: {fileID: 0}
    - target: {fileID: 6159312561849478236, guid: 0673bb1b493e7a7409ac4b3f1a62a5f1, type: 3}
      propertyPath: m_StaticEditorFlags
      value: 4294967295
      objectReference: {fileID: 0}
    - target: {fileID: 6163521746960012253, guid: 0673bb1b493e7a7409ac4b3f1a62a5f1, type: 3}
      propertyPath: m_StaticEditorFlags
      value: 4294967295
      objectReference: {fileID: 0}
    - target: {fileID: 6209861452370140951, guid: 0673bb1b493e7a7409ac4b3f1a62a5f1, type: 3}
      propertyPath: m_StaticEditorFlags
      value: 4294967295
      objectReference: {fileID: 0}
    - target: {fileID: 6217477728728815623, guid: 0673bb1b493e7a7409ac4b3f1a62a5f1, type: 3}
      propertyPath: m_StaticEditorFlags
      value: 4294967295
      objectReference: {fileID: 0}
    - target: {fileID: 6258412362493105835, guid: 0673bb1b493e7a7409ac4b3f1a62a5f1, type: 3}
      propertyPath: m_StaticEditorFlags
      value: 4294967295
      objectReference: {fileID: 0}
    - target: {fileID: 6270570985297008917, guid: 0673bb1b493e7a7409ac4b3f1a62a5f1, type: 3}
      propertyPath: m_StaticEditorFlags
      value: 4294967295
      objectReference: {fileID: 0}
    - target: {fileID: 6275634435766260394, guid: 0673bb1b493e7a7409ac4b3f1a62a5f1, type: 3}
      propertyPath: m_StaticEditorFlags
      value: 4294967295
      objectReference: {fileID: 0}
    - target: {fileID: 6276080518726021788, guid: 0673bb1b493e7a7409ac4b3f1a62a5f1, type: 3}
      propertyPath: m_StaticEditorFlags
      value: 4294967295
      objectReference: {fileID: 0}
    - target: {fileID: 6284995070791658990, guid: 0673bb1b493e7a7409ac4b3f1a62a5f1, type: 3}
      propertyPath: m_StaticEditorFlags
      value: 4294967295
      objectReference: {fileID: 0}
    - target: {fileID: 6307167337965815525, guid: 0673bb1b493e7a7409ac4b3f1a62a5f1, type: 3}
      propertyPath: m_StaticEditorFlags
      value: 4294967295
      objectReference: {fileID: 0}
    - target: {fileID: 6311018283194856053, guid: 0673bb1b493e7a7409ac4b3f1a62a5f1, type: 3}
      propertyPath: m_StaticEditorFlags
      value: 4294967295
      objectReference: {fileID: 0}
    - target: {fileID: 6317384072379519384, guid: 0673bb1b493e7a7409ac4b3f1a62a5f1, type: 3}
      propertyPath: m_StaticEditorFlags
      value: 4294967295
      objectReference: {fileID: 0}
    - target: {fileID: 6370626114613215778, guid: 0673bb1b493e7a7409ac4b3f1a62a5f1, type: 3}
      propertyPath: m_StaticEditorFlags
      value: 4294967295
      objectReference: {fileID: 0}
    - target: {fileID: 6375402026675059459, guid: 0673bb1b493e7a7409ac4b3f1a62a5f1, type: 3}
      propertyPath: m_StaticEditorFlags
      value: 4294967295
      objectReference: {fileID: 0}
    - target: {fileID: 6392877216404697824, guid: 0673bb1b493e7a7409ac4b3f1a62a5f1, type: 3}
      propertyPath: m_StaticEditorFlags
      value: 4294967295
      objectReference: {fileID: 0}
    - target: {fileID: 6478805440430676659, guid: 0673bb1b493e7a7409ac4b3f1a62a5f1, type: 3}
      propertyPath: m_StaticEditorFlags
      value: 4294967295
      objectReference: {fileID: 0}
    - target: {fileID: 6481802475037049492, guid: 0673bb1b493e7a7409ac4b3f1a62a5f1, type: 3}
      propertyPath: m_StaticEditorFlags
      value: 4294967295
      objectReference: {fileID: 0}
    - target: {fileID: 6492177953436045046, guid: 0673bb1b493e7a7409ac4b3f1a62a5f1, type: 3}
      propertyPath: m_StaticEditorFlags
      value: 4294967295
      objectReference: {fileID: 0}
    - target: {fileID: 6510225336922071736, guid: 0673bb1b493e7a7409ac4b3f1a62a5f1, type: 3}
      propertyPath: m_StaticEditorFlags
      value: 4294967295
      objectReference: {fileID: 0}
    - target: {fileID: 6538175127198461987, guid: 0673bb1b493e7a7409ac4b3f1a62a5f1, type: 3}
      propertyPath: m_StaticEditorFlags
      value: 4294967295
      objectReference: {fileID: 0}
    - target: {fileID: 6587376065613656697, guid: 0673bb1b493e7a7409ac4b3f1a62a5f1, type: 3}
      propertyPath: m_StaticEditorFlags
      value: 4294967295
      objectReference: {fileID: 0}
    - target: {fileID: 6591086106427625747, guid: 0673bb1b493e7a7409ac4b3f1a62a5f1, type: 3}
      propertyPath: m_StaticEditorFlags
      value: 4294967295
      objectReference: {fileID: 0}
    - target: {fileID: 6611525408063144113, guid: 0673bb1b493e7a7409ac4b3f1a62a5f1, type: 3}
      propertyPath: m_StaticEditorFlags
      value: 4294967295
      objectReference: {fileID: 0}
    - target: {fileID: 6626900541812489077, guid: 0673bb1b493e7a7409ac4b3f1a62a5f1, type: 3}
      propertyPath: m_StaticEditorFlags
      value: 4294967295
      objectReference: {fileID: 0}
    - target: {fileID: 6680452274297390404, guid: 0673bb1b493e7a7409ac4b3f1a62a5f1, type: 3}
      propertyPath: m_StaticEditorFlags
      value: 4294967295
      objectReference: {fileID: 0}
    - target: {fileID: 6714796986042759007, guid: 0673bb1b493e7a7409ac4b3f1a62a5f1, type: 3}
      propertyPath: m_StaticEditorFlags
      value: 4294967295
      objectReference: {fileID: 0}
    - target: {fileID: 6778552457719336004, guid: 0673bb1b493e7a7409ac4b3f1a62a5f1, type: 3}
      propertyPath: m_StaticEditorFlags
      value: 4294967295
      objectReference: {fileID: 0}
    - target: {fileID: 6788442119651121742, guid: 0673bb1b493e7a7409ac4b3f1a62a5f1, type: 3}
      propertyPath: m_StaticEditorFlags
      value: 4294967295
      objectReference: {fileID: 0}
    - target: {fileID: 6870764846255039600, guid: 0673bb1b493e7a7409ac4b3f1a62a5f1, type: 3}
      propertyPath: m_StaticEditorFlags
      value: 4294967295
      objectReference: {fileID: 0}
    - target: {fileID: 6887635563978103592, guid: 0673bb1b493e7a7409ac4b3f1a62a5f1, type: 3}
      propertyPath: m_StaticEditorFlags
      value: 4294967295
      objectReference: {fileID: 0}
    - target: {fileID: 6901014263043337433, guid: 0673bb1b493e7a7409ac4b3f1a62a5f1, type: 3}
      propertyPath: m_StaticEditorFlags
      value: 4294967295
      objectReference: {fileID: 0}
    - target: {fileID: 6960865306697017074, guid: 0673bb1b493e7a7409ac4b3f1a62a5f1, type: 3}
      propertyPath: m_StaticEditorFlags
      value: 4294967295
      objectReference: {fileID: 0}
    - target: {fileID: 6993656160396676924, guid: 0673bb1b493e7a7409ac4b3f1a62a5f1, type: 3}
      propertyPath: m_StaticEditorFlags
      value: 4294967295
      objectReference: {fileID: 0}
    - target: {fileID: 7058363860148317101, guid: 0673bb1b493e7a7409ac4b3f1a62a5f1, type: 3}
      propertyPath: m_RootOrder
      value: 1
      objectReference: {fileID: 0}
    - target: {fileID: 7058363860148317101, guid: 0673bb1b493e7a7409ac4b3f1a62a5f1, type: 3}
      propertyPath: m_LocalPosition.x
      value: -0
      objectReference: {fileID: 0}
    - target: {fileID: 7058363860148317101, guid: 0673bb1b493e7a7409ac4b3f1a62a5f1, type: 3}
      propertyPath: m_LocalPosition.y
      value: 0
      objectReference: {fileID: 0}
    - target: {fileID: 7058363860148317101, guid: 0673bb1b493e7a7409ac4b3f1a62a5f1, type: 3}
      propertyPath: m_LocalPosition.z
      value: 0
      objectReference: {fileID: 0}
    - target: {fileID: 7058363860148317101, guid: 0673bb1b493e7a7409ac4b3f1a62a5f1, type: 3}
      propertyPath: m_LocalRotation.w
      value: 1
      objectReference: {fileID: 0}
    - target: {fileID: 7058363860148317101, guid: 0673bb1b493e7a7409ac4b3f1a62a5f1, type: 3}
      propertyPath: m_LocalRotation.x
      value: 0
      objectReference: {fileID: 0}
    - target: {fileID: 7058363860148317101, guid: 0673bb1b493e7a7409ac4b3f1a62a5f1, type: 3}
      propertyPath: m_LocalRotation.y
      value: -0
      objectReference: {fileID: 0}
    - target: {fileID: 7058363860148317101, guid: 0673bb1b493e7a7409ac4b3f1a62a5f1, type: 3}
      propertyPath: m_LocalRotation.z
      value: -0
      objectReference: {fileID: 0}
    - target: {fileID: 7058363860148317101, guid: 0673bb1b493e7a7409ac4b3f1a62a5f1, type: 3}
      propertyPath: m_LocalEulerAnglesHint.x
      value: 0
      objectReference: {fileID: 0}
    - target: {fileID: 7058363860148317101, guid: 0673bb1b493e7a7409ac4b3f1a62a5f1, type: 3}
      propertyPath: m_LocalEulerAnglesHint.y
      value: 0
      objectReference: {fileID: 0}
    - target: {fileID: 7058363860148317101, guid: 0673bb1b493e7a7409ac4b3f1a62a5f1, type: 3}
      propertyPath: m_LocalEulerAnglesHint.z
      value: 0
      objectReference: {fileID: 0}
    - target: {fileID: 7094388943686130967, guid: 0673bb1b493e7a7409ac4b3f1a62a5f1, type: 3}
      propertyPath: m_StaticEditorFlags
      value: 4294967295
      objectReference: {fileID: 0}
    - target: {fileID: 7112533851445595063, guid: 0673bb1b493e7a7409ac4b3f1a62a5f1, type: 3}
      propertyPath: m_StaticEditorFlags
      value: 4294967295
      objectReference: {fileID: 0}
    - target: {fileID: 7130170885303730603, guid: 0673bb1b493e7a7409ac4b3f1a62a5f1, type: 3}
      propertyPath: m_StaticEditorFlags
      value: 4294967295
      objectReference: {fileID: 0}
    - target: {fileID: 7171038860335819957, guid: 0673bb1b493e7a7409ac4b3f1a62a5f1, type: 3}
      propertyPath: m_StaticEditorFlags
      value: 4294967295
      objectReference: {fileID: 0}
    - target: {fileID: 7285039323167956844, guid: 0673bb1b493e7a7409ac4b3f1a62a5f1, type: 3}
      propertyPath: m_StaticEditorFlags
      value: 4294967295
      objectReference: {fileID: 0}
    - target: {fileID: 7334640357192193465, guid: 0673bb1b493e7a7409ac4b3f1a62a5f1, type: 3}
      propertyPath: m_StaticEditorFlags
      value: 4294967295
      objectReference: {fileID: 0}
    - target: {fileID: 7338863555043478334, guid: 0673bb1b493e7a7409ac4b3f1a62a5f1, type: 3}
      propertyPath: m_StaticEditorFlags
      value: 4294967295
      objectReference: {fileID: 0}
    - target: {fileID: 7368858288496531331, guid: 0673bb1b493e7a7409ac4b3f1a62a5f1, type: 3}
      propertyPath: m_StaticEditorFlags
      value: 4294967295
      objectReference: {fileID: 0}
    - target: {fileID: 7391152507585261906, guid: 0673bb1b493e7a7409ac4b3f1a62a5f1, type: 3}
      propertyPath: m_StaticEditorFlags
      value: 4294967295
      objectReference: {fileID: 0}
    - target: {fileID: 7396760002433973386, guid: 0673bb1b493e7a7409ac4b3f1a62a5f1, type: 3}
      propertyPath: m_StaticEditorFlags
      value: 4294967295
      objectReference: {fileID: 0}
    - target: {fileID: 7432878495259370907, guid: 0673bb1b493e7a7409ac4b3f1a62a5f1, type: 3}
      propertyPath: m_StaticEditorFlags
      value: 4294967295
      objectReference: {fileID: 0}
    - target: {fileID: 7439997588359682262, guid: 0673bb1b493e7a7409ac4b3f1a62a5f1, type: 3}
      propertyPath: m_StaticEditorFlags
      value: 4294967295
      objectReference: {fileID: 0}
    - target: {fileID: 7441831687885108941, guid: 0673bb1b493e7a7409ac4b3f1a62a5f1, type: 3}
      propertyPath: m_StaticEditorFlags
      value: 4294967295
      objectReference: {fileID: 0}
    - target: {fileID: 7459068588775142573, guid: 0673bb1b493e7a7409ac4b3f1a62a5f1, type: 3}
      propertyPath: m_StaticEditorFlags
      value: 4294967295
      objectReference: {fileID: 0}
    - target: {fileID: 7470704769597835495, guid: 0673bb1b493e7a7409ac4b3f1a62a5f1, type: 3}
      propertyPath: m_StaticEditorFlags
      value: 4294967295
      objectReference: {fileID: 0}
    - target: {fileID: 7492177349260189205, guid: 0673bb1b493e7a7409ac4b3f1a62a5f1, type: 3}
      propertyPath: m_StaticEditorFlags
      value: 4294967295
      objectReference: {fileID: 0}
    - target: {fileID: 7527326029788784920, guid: 0673bb1b493e7a7409ac4b3f1a62a5f1, type: 3}
      propertyPath: m_StaticEditorFlags
      value: 4294967295
      objectReference: {fileID: 0}
    - target: {fileID: 7535346738728756118, guid: 0673bb1b493e7a7409ac4b3f1a62a5f1, type: 3}
      propertyPath: m_StaticEditorFlags
      value: 4294967295
      objectReference: {fileID: 0}
    - target: {fileID: 7535754673505491719, guid: 0673bb1b493e7a7409ac4b3f1a62a5f1, type: 3}
      propertyPath: m_StaticEditorFlags
      value: 4294967295
      objectReference: {fileID: 0}
    - target: {fileID: 7545710676644549293, guid: 0673bb1b493e7a7409ac4b3f1a62a5f1, type: 3}
      propertyPath: m_StaticEditorFlags
      value: 4294967295
      objectReference: {fileID: 0}
    - target: {fileID: 7575317475958910690, guid: 0673bb1b493e7a7409ac4b3f1a62a5f1, type: 3}
      propertyPath: m_StaticEditorFlags
      value: 4294967295
      objectReference: {fileID: 0}
    - target: {fileID: 7594576736357260971, guid: 0673bb1b493e7a7409ac4b3f1a62a5f1, type: 3}
      propertyPath: m_StaticEditorFlags
      value: 4294967295
      objectReference: {fileID: 0}
    - target: {fileID: 7600528057778110054, guid: 0673bb1b493e7a7409ac4b3f1a62a5f1, type: 3}
      propertyPath: m_StaticEditorFlags
      value: 4294967295
      objectReference: {fileID: 0}
    - target: {fileID: 7604788253861109463, guid: 0673bb1b493e7a7409ac4b3f1a62a5f1, type: 3}
      propertyPath: m_StaticEditorFlags
      value: 4294967295
      objectReference: {fileID: 0}
    - target: {fileID: 7612372153626106094, guid: 0673bb1b493e7a7409ac4b3f1a62a5f1, type: 3}
      propertyPath: m_StaticEditorFlags
      value: 4294967295
      objectReference: {fileID: 0}
    - target: {fileID: 7623535669696830384, guid: 0673bb1b493e7a7409ac4b3f1a62a5f1, type: 3}
      propertyPath: m_StaticEditorFlags
      value: 4294967295
      objectReference: {fileID: 0}
    - target: {fileID: 7645366805060805967, guid: 0673bb1b493e7a7409ac4b3f1a62a5f1, type: 3}
      propertyPath: m_StaticEditorFlags
      value: 4294967295
      objectReference: {fileID: 0}
    - target: {fileID: 7681713320507425085, guid: 0673bb1b493e7a7409ac4b3f1a62a5f1, type: 3}
      propertyPath: m_StaticEditorFlags
      value: 4294967295
      objectReference: {fileID: 0}
    - target: {fileID: 7689044302609604529, guid: 0673bb1b493e7a7409ac4b3f1a62a5f1, type: 3}
      propertyPath: m_StaticEditorFlags
      value: 4294967295
      objectReference: {fileID: 0}
    - target: {fileID: 7692016377462796567, guid: 0673bb1b493e7a7409ac4b3f1a62a5f1, type: 3}
      propertyPath: m_Name
      value: sponza
      objectReference: {fileID: 0}
    - target: {fileID: 7692016377462796567, guid: 0673bb1b493e7a7409ac4b3f1a62a5f1, type: 3}
      propertyPath: m_IsActive
      value: 1
      objectReference: {fileID: 0}
    - target: {fileID: 7692016377462796567, guid: 0673bb1b493e7a7409ac4b3f1a62a5f1, type: 3}
      propertyPath: m_StaticEditorFlags
      value: 4294967295
      objectReference: {fileID: 0}
    - target: {fileID: 7725670973396613594, guid: 0673bb1b493e7a7409ac4b3f1a62a5f1, type: 3}
      propertyPath: m_StaticEditorFlags
      value: 4294967295
      objectReference: {fileID: 0}
    - target: {fileID: 7731319529895689301, guid: 0673bb1b493e7a7409ac4b3f1a62a5f1, type: 3}
      propertyPath: m_StaticEditorFlags
      value: 4294967295
      objectReference: {fileID: 0}
    - target: {fileID: 7732300156572808505, guid: 0673bb1b493e7a7409ac4b3f1a62a5f1, type: 3}
      propertyPath: m_StaticEditorFlags
      value: 4294967295
      objectReference: {fileID: 0}
    - target: {fileID: 7762302446012653044, guid: 0673bb1b493e7a7409ac4b3f1a62a5f1, type: 3}
      propertyPath: m_StaticEditorFlags
      value: 4294967295
      objectReference: {fileID: 0}
    - target: {fileID: 7781315956809570027, guid: 0673bb1b493e7a7409ac4b3f1a62a5f1, type: 3}
      propertyPath: m_StaticEditorFlags
      value: 4294967295
      objectReference: {fileID: 0}
    - target: {fileID: 7867801735667225613, guid: 0673bb1b493e7a7409ac4b3f1a62a5f1, type: 3}
      propertyPath: m_StaticEditorFlags
      value: 4294967295
      objectReference: {fileID: 0}
    - target: {fileID: 7870689906387179303, guid: 0673bb1b493e7a7409ac4b3f1a62a5f1, type: 3}
      propertyPath: m_StaticEditorFlags
      value: 4294967295
      objectReference: {fileID: 0}
    - target: {fileID: 7890005575670819620, guid: 0673bb1b493e7a7409ac4b3f1a62a5f1, type: 3}
      propertyPath: m_StaticEditorFlags
      value: 4294967295
      objectReference: {fileID: 0}
    - target: {fileID: 7893075904948253998, guid: 0673bb1b493e7a7409ac4b3f1a62a5f1, type: 3}
      propertyPath: m_StaticEditorFlags
      value: 4294967295
      objectReference: {fileID: 0}
    - target: {fileID: 7924878815342026820, guid: 0673bb1b493e7a7409ac4b3f1a62a5f1, type: 3}
      propertyPath: m_StaticEditorFlags
      value: 4294967295
      objectReference: {fileID: 0}
    - target: {fileID: 7935101402743252696, guid: 0673bb1b493e7a7409ac4b3f1a62a5f1, type: 3}
      propertyPath: m_StaticEditorFlags
      value: 4294967295
      objectReference: {fileID: 0}
    - target: {fileID: 7974698014679247769, guid: 0673bb1b493e7a7409ac4b3f1a62a5f1, type: 3}
      propertyPath: m_StaticEditorFlags
      value: 4294967295
      objectReference: {fileID: 0}
    - target: {fileID: 8022541196073031141, guid: 0673bb1b493e7a7409ac4b3f1a62a5f1, type: 3}
      propertyPath: m_StaticEditorFlags
      value: 4294967295
      objectReference: {fileID: 0}
    - target: {fileID: 8043583654472128053, guid: 0673bb1b493e7a7409ac4b3f1a62a5f1, type: 3}
      propertyPath: m_StaticEditorFlags
      value: 4294967295
      objectReference: {fileID: 0}
    - target: {fileID: 8080533462376947016, guid: 0673bb1b493e7a7409ac4b3f1a62a5f1, type: 3}
      propertyPath: m_StaticEditorFlags
      value: 4294967295
      objectReference: {fileID: 0}
    - target: {fileID: 8116153949489542215, guid: 0673bb1b493e7a7409ac4b3f1a62a5f1, type: 3}
      propertyPath: m_StaticEditorFlags
      value: 4294967295
      objectReference: {fileID: 0}
    - target: {fileID: 8123431741773132624, guid: 0673bb1b493e7a7409ac4b3f1a62a5f1, type: 3}
      propertyPath: m_StaticEditorFlags
      value: 4294967295
      objectReference: {fileID: 0}
    - target: {fileID: 8130474554567268749, guid: 0673bb1b493e7a7409ac4b3f1a62a5f1, type: 3}
      propertyPath: m_StaticEditorFlags
      value: 4294967295
      objectReference: {fileID: 0}
    - target: {fileID: 8131900612147615596, guid: 0673bb1b493e7a7409ac4b3f1a62a5f1, type: 3}
      propertyPath: m_StaticEditorFlags
      value: 4294967295
      objectReference: {fileID: 0}
    - target: {fileID: 8194690764382788756, guid: 0673bb1b493e7a7409ac4b3f1a62a5f1, type: 3}
      propertyPath: m_StaticEditorFlags
      value: 4294967295
      objectReference: {fileID: 0}
    - target: {fileID: 8211012280253873411, guid: 0673bb1b493e7a7409ac4b3f1a62a5f1, type: 3}
      propertyPath: m_StaticEditorFlags
      value: 4294967295
      objectReference: {fileID: 0}
    - target: {fileID: 8218382721882070158, guid: 0673bb1b493e7a7409ac4b3f1a62a5f1, type: 3}
      propertyPath: m_StaticEditorFlags
      value: 4294967295
      objectReference: {fileID: 0}
    - target: {fileID: 8218794710471643011, guid: 0673bb1b493e7a7409ac4b3f1a62a5f1, type: 3}
      propertyPath: m_StaticEditorFlags
      value: 4294967295
      objectReference: {fileID: 0}
    - target: {fileID: 8231287560971129032, guid: 0673bb1b493e7a7409ac4b3f1a62a5f1, type: 3}
      propertyPath: m_StaticEditorFlags
      value: 4294967295
      objectReference: {fileID: 0}
    - target: {fileID: 8238986949874887967, guid: 0673bb1b493e7a7409ac4b3f1a62a5f1, type: 3}
      propertyPath: m_StaticEditorFlags
      value: 4294967295
      objectReference: {fileID: 0}
    - target: {fileID: 8243489611999403645, guid: 0673bb1b493e7a7409ac4b3f1a62a5f1, type: 3}
      propertyPath: m_StaticEditorFlags
      value: 4294967295
      objectReference: {fileID: 0}
    - target: {fileID: 8252041029130283756, guid: 0673bb1b493e7a7409ac4b3f1a62a5f1, type: 3}
      propertyPath: m_StaticEditorFlags
      value: 4294967295
      objectReference: {fileID: 0}
    - target: {fileID: 8313792729509439687, guid: 0673bb1b493e7a7409ac4b3f1a62a5f1, type: 3}
      propertyPath: m_StaticEditorFlags
      value: 4294967295
      objectReference: {fileID: 0}
    - target: {fileID: 8367284685729119375, guid: 0673bb1b493e7a7409ac4b3f1a62a5f1, type: 3}
      propertyPath: m_StaticEditorFlags
      value: 4294967295
      objectReference: {fileID: 0}
    - target: {fileID: 8380864421927167886, guid: 0673bb1b493e7a7409ac4b3f1a62a5f1, type: 3}
      propertyPath: m_StaticEditorFlags
      value: 4294967295
      objectReference: {fileID: 0}
    - target: {fileID: 8450551555321290663, guid: 0673bb1b493e7a7409ac4b3f1a62a5f1, type: 3}
      propertyPath: m_StaticEditorFlags
      value: 4294967295
      objectReference: {fileID: 0}
    - target: {fileID: 8498660205567361823, guid: 0673bb1b493e7a7409ac4b3f1a62a5f1, type: 3}
      propertyPath: m_StaticEditorFlags
      value: 4294967295
      objectReference: {fileID: 0}
    - target: {fileID: 8523190592745215870, guid: 0673bb1b493e7a7409ac4b3f1a62a5f1, type: 3}
      propertyPath: m_StaticEditorFlags
      value: 4294967295
      objectReference: {fileID: 0}
    - target: {fileID: 8551679539019118340, guid: 0673bb1b493e7a7409ac4b3f1a62a5f1, type: 3}
      propertyPath: m_StaticEditorFlags
      value: 4294967295
      objectReference: {fileID: 0}
    - target: {fileID: 8557825752490442689, guid: 0673bb1b493e7a7409ac4b3f1a62a5f1, type: 3}
      propertyPath: m_StaticEditorFlags
      value: 4294967295
      objectReference: {fileID: 0}
    - target: {fileID: 8561693110870964251, guid: 0673bb1b493e7a7409ac4b3f1a62a5f1, type: 3}
      propertyPath: m_StaticEditorFlags
      value: 4294967295
      objectReference: {fileID: 0}
    - target: {fileID: 8565520338370194580, guid: 0673bb1b493e7a7409ac4b3f1a62a5f1, type: 3}
      propertyPath: m_StaticEditorFlags
      value: 4294967295
      objectReference: {fileID: 0}
    - target: {fileID: 8610199350659296615, guid: 0673bb1b493e7a7409ac4b3f1a62a5f1, type: 3}
      propertyPath: m_StaticEditorFlags
      value: 4294967295
      objectReference: {fileID: 0}
    - target: {fileID: 8652977852521512109, guid: 0673bb1b493e7a7409ac4b3f1a62a5f1, type: 3}
      propertyPath: m_StaticEditorFlags
      value: 4294967295
      objectReference: {fileID: 0}
    - target: {fileID: 8671576521441779424, guid: 0673bb1b493e7a7409ac4b3f1a62a5f1, type: 3}
      propertyPath: m_StaticEditorFlags
      value: 4294967295
      objectReference: {fileID: 0}
    - target: {fileID: 8673461301199593524, guid: 0673bb1b493e7a7409ac4b3f1a62a5f1, type: 3}
      propertyPath: m_StaticEditorFlags
      value: 4294967295
      objectReference: {fileID: 0}
    - target: {fileID: 8691624222965040000, guid: 0673bb1b493e7a7409ac4b3f1a62a5f1, type: 3}
      propertyPath: m_StaticEditorFlags
      value: 4294967295
      objectReference: {fileID: 0}
    - target: {fileID: 8699044102925970249, guid: 0673bb1b493e7a7409ac4b3f1a62a5f1, type: 3}
      propertyPath: m_StaticEditorFlags
      value: 4294967295
      objectReference: {fileID: 0}
    - target: {fileID: 8723333380499460760, guid: 0673bb1b493e7a7409ac4b3f1a62a5f1, type: 3}
      propertyPath: m_StaticEditorFlags
      value: 4294967295
      objectReference: {fileID: 0}
    - target: {fileID: 8751809617015377088, guid: 0673bb1b493e7a7409ac4b3f1a62a5f1, type: 3}
      propertyPath: m_StaticEditorFlags
      value: 4294967295
      objectReference: {fileID: 0}
    - target: {fileID: 8761819744238191991, guid: 0673bb1b493e7a7409ac4b3f1a62a5f1, type: 3}
      propertyPath: m_StaticEditorFlags
      value: 4294967295
      objectReference: {fileID: 0}
    - target: {fileID: 8771744608411287875, guid: 0673bb1b493e7a7409ac4b3f1a62a5f1, type: 3}
      propertyPath: m_StaticEditorFlags
      value: 4294967295
      objectReference: {fileID: 0}
    - target: {fileID: 8773980162562982990, guid: 0673bb1b493e7a7409ac4b3f1a62a5f1, type: 3}
      propertyPath: m_StaticEditorFlags
      value: 4294967295
      objectReference: {fileID: 0}
    - target: {fileID: 8776496248705473453, guid: 0673bb1b493e7a7409ac4b3f1a62a5f1, type: 3}
      propertyPath: m_StaticEditorFlags
      value: 4294967295
      objectReference: {fileID: 0}
    - target: {fileID: 8785363185737680645, guid: 0673bb1b493e7a7409ac4b3f1a62a5f1, type: 3}
      propertyPath: m_StaticEditorFlags
      value: 4294967295
      objectReference: {fileID: 0}
    - target: {fileID: 8785687069585656870, guid: 0673bb1b493e7a7409ac4b3f1a62a5f1, type: 3}
      propertyPath: m_StaticEditorFlags
      value: 4294967295
      objectReference: {fileID: 0}
    - target: {fileID: 8794617021194980325, guid: 0673bb1b493e7a7409ac4b3f1a62a5f1, type: 3}
      propertyPath: m_StaticEditorFlags
      value: 4294967295
      objectReference: {fileID: 0}
    - target: {fileID: 8796599732533870017, guid: 0673bb1b493e7a7409ac4b3f1a62a5f1, type: 3}
      propertyPath: m_StaticEditorFlags
      value: 4294967295
      objectReference: {fileID: 0}
    - target: {fileID: 8803170095161295626, guid: 0673bb1b493e7a7409ac4b3f1a62a5f1, type: 3}
      propertyPath: m_StaticEditorFlags
      value: 4294967295
      objectReference: {fileID: 0}
    - target: {fileID: 8822715072586813749, guid: 0673bb1b493e7a7409ac4b3f1a62a5f1, type: 3}
      propertyPath: m_StaticEditorFlags
      value: 4294967295
      objectReference: {fileID: 0}
    - target: {fileID: 8858577212515289855, guid: 0673bb1b493e7a7409ac4b3f1a62a5f1, type: 3}
      propertyPath: m_StaticEditorFlags
      value: 4294967295
      objectReference: {fileID: 0}
    - target: {fileID: 8890233220067917355, guid: 0673bb1b493e7a7409ac4b3f1a62a5f1, type: 3}
      propertyPath: m_StaticEditorFlags
      value: 4294967295
      objectReference: {fileID: 0}
    - target: {fileID: 8900572605147084863, guid: 0673bb1b493e7a7409ac4b3f1a62a5f1, type: 3}
      propertyPath: m_StaticEditorFlags
      value: 4294967295
      objectReference: {fileID: 0}
    - target: {fileID: 8937524485926187902, guid: 0673bb1b493e7a7409ac4b3f1a62a5f1, type: 3}
      propertyPath: m_StaticEditorFlags
      value: 4294967295
      objectReference: {fileID: 0}
    - target: {fileID: 8939080371283968794, guid: 0673bb1b493e7a7409ac4b3f1a62a5f1, type: 3}
      propertyPath: m_StaticEditorFlags
      value: 4294967295
      objectReference: {fileID: 0}
    - target: {fileID: 8940754117487741733, guid: 0673bb1b493e7a7409ac4b3f1a62a5f1, type: 3}
      propertyPath: m_StaticEditorFlags
      value: 4294967295
      objectReference: {fileID: 0}
    - target: {fileID: 8949791345729379734, guid: 0673bb1b493e7a7409ac4b3f1a62a5f1, type: 3}
      propertyPath: m_StaticEditorFlags
      value: 4294967295
      objectReference: {fileID: 0}
    - target: {fileID: 8959149801749706436, guid: 0673bb1b493e7a7409ac4b3f1a62a5f1, type: 3}
      propertyPath: m_StaticEditorFlags
      value: 4294967295
      objectReference: {fileID: 0}
    - target: {fileID: 9000998599537328311, guid: 0673bb1b493e7a7409ac4b3f1a62a5f1, type: 3}
      propertyPath: m_StaticEditorFlags
      value: 4294967295
      objectReference: {fileID: 0}
    - target: {fileID: 9011331260888209819, guid: 0673bb1b493e7a7409ac4b3f1a62a5f1, type: 3}
      propertyPath: m_StaticEditorFlags
      value: 4294967295
      objectReference: {fileID: 0}
    - target: {fileID: 9026316367017654246, guid: 0673bb1b493e7a7409ac4b3f1a62a5f1, type: 3}
      propertyPath: m_StaticEditorFlags
      value: 4294967295
      objectReference: {fileID: 0}
    - target: {fileID: 9029467772191869015, guid: 0673bb1b493e7a7409ac4b3f1a62a5f1, type: 3}
      propertyPath: m_StaticEditorFlags
      value: 4294967295
      objectReference: {fileID: 0}
    - target: {fileID: 9077730741382340835, guid: 0673bb1b493e7a7409ac4b3f1a62a5f1, type: 3}
      propertyPath: m_StaticEditorFlags
      value: 4294967295
      objectReference: {fileID: 0}
    - target: {fileID: 9113743194761162303, guid: 0673bb1b493e7a7409ac4b3f1a62a5f1, type: 3}
      propertyPath: m_StaticEditorFlags
      value: 4294967295
      objectReference: {fileID: 0}
    - target: {fileID: 9127598362332646560, guid: 0673bb1b493e7a7409ac4b3f1a62a5f1, type: 3}
      propertyPath: m_StaticEditorFlags
      value: 4294967295
      objectReference: {fileID: 0}
    - target: {fileID: 9128652000737739220, guid: 0673bb1b493e7a7409ac4b3f1a62a5f1, type: 3}
      propertyPath: m_StaticEditorFlags
      value: 4294967295
      objectReference: {fileID: 0}
    - target: {fileID: 9159053838627190578, guid: 0673bb1b493e7a7409ac4b3f1a62a5f1, type: 3}
      propertyPath: m_StaticEditorFlags
      value: 4294967295
      objectReference: {fileID: 0}
    - target: {fileID: 9159238027526083470, guid: 0673bb1b493e7a7409ac4b3f1a62a5f1, type: 3}
      propertyPath: m_StaticEditorFlags
      value: 4294967295
      objectReference: {fileID: 0}
    - target: {fileID: 9160197177378025350, guid: 0673bb1b493e7a7409ac4b3f1a62a5f1, type: 3}
      propertyPath: m_StaticEditorFlags
      value: 4294967295
      objectReference: {fileID: 0}
    - target: {fileID: 9183250874615234427, guid: 0673bb1b493e7a7409ac4b3f1a62a5f1, type: 3}
      propertyPath: m_StaticEditorFlags
      value: 4294967295
      objectReference: {fileID: 0}
    m_RemovedComponents: []
  m_SourcePrefab: {fileID: 100100000, guid: 0673bb1b493e7a7409ac4b3f1a62a5f1, type: 3}
--- !u!1 &1826093363 stripped
GameObject:
  m_CorrespondingSourceObject: {fileID: 7692016377462796567, guid: 0673bb1b493e7a7409ac4b3f1a62a5f1, type: 3}
  m_PrefabInstance: {fileID: 1826093362}
  m_PrefabAsset: {fileID: 0}
--- !u!114 &1826093364
MonoBehaviour:
  m_ObjectHideFlags: 0
  m_CorrespondingSourceObject: {fileID: 0}
  m_PrefabInstance: {fileID: 0}
  m_PrefabAsset: {fileID: 0}
  m_GameObject: {fileID: 1826093363}
  m_Enabled: 1
  m_EditorHideFlags: 0
  m_Script: {fileID: 11500000, guid: 583fb6f9d3f411c4e9edfe2451e4aff2, type: 3}
  m_Name: 
  m_EditorClassIdentifier: 
  shaderToSwitch: {fileID: 46, guid: 0000000000000000f000000000000000, type: 0}
